Date,Time,Stock Name,Last Traded Quantity,cumulative_volume
2024-04-19,09:15:04,ABC,10804,10804.0
2024-04-19,09:15:05,ABC,0,10804.0
2024-04-19,09:15:06,ABC,0,10804.0
2024-04-19,09:15:07,ABC,0,10804.0
2024-04-19,09:15:08,ABC,0,10804.0
2024-04-19,09:15:09,ABC,0,10804.0
2024-04-19,09:15:10,ABC,0,10804.0
2024-04-19,09:15:11,ABC,0,10804.0
2024-04-19,09:15:12,ABC,0,10804.0
2024-04-19,09:15:13,ABC,958,11762.0
2024-04-19,09:15:14,ABC,0,11762.0
2024-04-19,09:15:15,ABC,0,11762.0
2024-04-19,09:15:16,ABC,0,11762.0
2024-04-19,09:15:17,ABC,0,11762.0
2024-04-19,09:15:18,ABC,0,11762.0
2024-04-19,09:15:19,ABC,0,11762.0
2024-04-19,09:15:20,ABC,162,11924.0
2024-04-19,09:15:21,ABC,0,11924.0
2024-04-19,09:15:22,ABC,0,11924.0
2024-04-19,09:15:23,ABC,0,11924.0
2024-04-19,09:15:24,ABC,0,11924.0
2024-04-19,09:15:25,ABC,0,11924.0
2024-04-19,09:15:26,ABC,0,11924.0
2024-04-19,09:15:27,ABC,1044,12968.0
2024-04-19,09:15:28,ABC,0,12968.0
2024-04-19,09:15:29,ABC,0,12968.0
2024-04-19,09:15:30,ABC,0,12968.0
2024-04-19,09:15:31,ABC,0,12968.0
2024-04-19,09:15:32,ABC,0,12968.0
2024-04-19,09:15:33,ABC,0,12968.0
2024-04-19,09:15:34,ABC,2373,15341.0
2024-04-19,09:15:35,ABC,0,15341.0
2024-04-19,09:15:36,ABC,0,15341.0
2024-04-19,09:15:37,ABC,0,15341.0
2024-04-19,09:15:38,ABC,0,15341.0
2024-04-19,09:15:39,ABC,0,15341.0
2024-04-19,09:15:40,ABC,2912,18253.0
2024-04-19,09:15:41,ABC,0,18253.0
2024-04-19,09:15:42,ABC,0,18253.0
2024-04-19,09:15:43,ABC,0,18253.0
2024-04-19,09:15:44,ABC,0,18253.0
2024-04-19,09:15:45,ABC,0,18253.0
2024-04-19,09:15:46,ABC,0,18253.0
2024-04-19,09:15:47,ABC,294,18547.0
2024-04-19,09:15:48,ABC,0,18547.0
2024-04-19,09:15:49,ABC,0,18547.0
2024-04-19,09:15:50,ABC,0,18547.0
2024-04-19,09:15:51,ABC,0,18547.0
2024-04-19,09:15:52,ABC,0,18547.0
2024-04-19,09:15:53,ABC,961,19508.0
2024-04-19,09:15:54,ABC,0,19508.0
2024-04-19,09:15:55,ABC,0,19508.0
2024-04-19,09:15:56,ABC,0,19508.0
2024-04-19,09:15:57,ABC,0,19508.0
2024-04-19,09:15:58,ABC,0,19508.0
2024-04-19,09:15:59,ABC,1100,20608.0
2024-04-19,09:16:00,ABC,0,20608.0
2024-04-19,09:16:01,ABC,0,20608.0
2024-04-19,09:16:02,ABC,0,20608.0
2024-04-19,09:16:03,ABC,0,20608.0
2024-04-19,09:16:04,ABC,0,20608.0
2024-04-19,09:16:05,ABC,0,20608.0
2024-04-19,09:16:06,ABC,855,21463.0
2024-04-19,09:16:07,ABC,0,21463.0
2024-04-19,09:16:08,ABC,0,21463.0
2024-04-19,09:16:09,ABC,0,21463.0
2024-04-19,09:16:10,ABC,0,21463.0
2024-04-19,09:16:11,ABC,0,21463.0
2024-04-19,09:16:12,ABC,0,21463.0
2024-04-19,09:16:13,ABC,1075,22538.0
2024-04-19,09:16:14,ABC,0,22538.0
2024-04-19,09:16:15,ABC,0,22538.0
2024-04-19,09:16:16,ABC,0,22538.0
2024-04-19,09:16:17,ABC,0,22538.0
2024-04-19,09:16:18,ABC,0,22538.0
2024-04-19,09:16:19,ABC,0,22538.0
2024-04-19,09:16:20,ABC,0,22538.0
2024-04-19,09:16:21,ABC,0,22538.0
2024-04-19,09:16:22,ABC,334,22872.0
2024-04-19,09:16:23,ABC,0,22872.0
2024-04-19,09:16:24,ABC,0,22872.0
2024-04-19,09:16:25,ABC,0,22872.0
2024-04-19,09:16:26,ABC,0,22872.0
2024-04-19,09:16:27,ABC,0,22872.0
2024-04-19,09:16:28,ABC,0,22872.0
2024-04-19,09:16:29,ABC,0,22872.0
2024-04-19,09:16:30,ABC,0,22872.0
2024-04-19,09:16:31,ABC,0,22872.0
2024-04-19,09:16:32,ABC,3500,26372.0
2024-04-19,09:16:33,ABC,0,26372.0
2024-04-19,09:16:34,ABC,0,26372.0
2024-04-19,09:16:35,ABC,0,26372.0
2024-04-19,09:16:36,ABC,0,26372.0
2024-04-19,09:16:37,ABC,0,26372.0
2024-04-19,09:16:38,ABC,0,26372.0
2024-04-19,09:16:39,ABC,0,26372.0
2024-04-19,09:16:40,ABC,0,26372.0
2024-04-19,09:16:41,ABC,2271,28643.0
2024-04-19,09:16:42,ABC,0,28643.0
2024-04-19,09:16:43,ABC,0,28643.0
2024-04-19,09:16:44,ABC,0,28643.0
2024-04-19,09:16:45,ABC,0,28643.0
2024-04-19,09:16:46,ABC,0,28643.0
2024-04-19,09:16:47,ABC,0,28643.0
2024-04-19,09:16:48,ABC,0,28643.0
2024-04-19,09:16:49,ABC,0,28643.0
2024-04-19,09:16:50,ABC,1642,30285.0
2024-04-19,09:16:51,ABC,0,30285.0
2024-04-19,09:16:52,ABC,0,30285.0
2024-04-19,09:16:53,ABC,0,30285.0
2024-04-19,09:16:54,ABC,0,30285.0
2024-04-19,09:16:55,ABC,0,30285.0
2024-04-19,09:16:56,ABC,0,30285.0
2024-04-19,09:16:57,ABC,0,30285.0
2024-04-19,09:16:58,ABC,0,30285.0
2024-04-19,09:16:59,ABC,931,31216.0
2024-04-19,09:17:00,ABC,0,31216.0
2024-04-19,09:17:01,ABC,0,31216.0
2024-04-19,09:17:02,ABC,0,31216.0
2024-04-19,09:17:03,ABC,0,31216.0
2024-04-19,09:17:04,ABC,0,31216.0
2024-04-19,09:17:05,ABC,0,31216.0
2024-04-19,09:17:06,ABC,0,31216.0
2024-04-19,09:17:07,ABC,941,32157.0
2024-04-19,09:17:08,ABC,0,32157.0
2024-04-19,09:17:09,ABC,0,32157.0
2024-04-19,09:17:10,ABC,0,32157.0
2024-04-19,09:17:11,ABC,0,32157.0
2024-04-19,09:17:12,ABC,0,32157.0
2024-04-19,09:17:13,ABC,0,32157.0
2024-04-19,09:17:14,ABC,0,32157.0
2024-04-19,09:17:15,ABC,0,32157.0
2024-04-19,09:17:16,ABC,3721,35878.0
2024-04-19,09:17:17,ABC,0,35878.0
2024-04-19,09:17:18,ABC,0,35878.0
2024-04-19,09:17:19,ABC,0,35878.0
2024-04-19,09:17:20,ABC,0,35878.0
2024-04-19,09:17:21,ABC,0,35878.0
2024-04-19,09:17:22,ABC,0,35878.0
2024-04-19,09:17:23,ABC,0,35878.0
2024-04-19,09:17:24,ABC,0,35878.0
2024-04-19,09:17:25,ABC,425,36303.0
2024-04-19,09:17:26,ABC,0,36303.0
2024-04-19,09:17:27,ABC,0,36303.0
2024-04-19,09:17:28,ABC,0,36303.0
2024-04-19,09:17:29,ABC,0,36303.0
2024-04-19,09:17:30,ABC,0,36303.0
2024-04-19,09:17:31,ABC,0,36303.0
2024-04-19,09:17:32,ABC,0,36303.0
2024-04-19,09:17:33,ABC,0,36303.0
2024-04-19,09:17:34,ABC,2104,38407.0
2024-04-19,09:17:35,ABC,0,38407.0
2024-04-19,09:17:36,ABC,0,38407.0
2024-04-19,09:17:37,ABC,0,38407.0
2024-04-19,09:17:38,ABC,0,38407.0
2024-04-19,09:17:39,ABC,0,38407.0
2024-04-19,09:17:40,ABC,0,38407.0
2024-04-19,09:17:41,ABC,0,38407.0
2024-04-19,09:17:42,ABC,0,38407.0
2024-04-19,09:17:43,ABC,1697,40104.0
2024-04-19,09:17:44,ABC,0,40104.0
2024-04-19,09:17:45,ABC,0,40104.0
2024-04-19,09:17:46,ABC,0,40104.0
2024-04-19,09:17:47,ABC,0,40104.0
2024-04-19,09:17:48,ABC,0,40104.0
2024-04-19,09:17:49,ABC,0,40104.0
2024-04-19,09:17:50,ABC,0,40104.0
2024-04-19,09:17:51,ABC,0,40104.0
2024-04-19,09:17:52,ABC,2584,42688.0
2024-04-19,09:17:53,ABC,0,42688.0
2024-04-19,09:17:54,ABC,0,42688.0
2024-04-19,09:17:55,ABC,0,42688.0
2024-04-19,09:17:56,ABC,0,42688.0
2024-04-19,09:17:57,ABC,0,42688.0
2024-04-19,09:17:58,ABC,0,42688.0
2024-04-19,09:17:59,ABC,0,42688.0
2024-04-19,09:18:00,ABC,1748,44436.0
2024-04-19,09:18:01,ABC,0,44436.0
2024-04-19,09:18:02,ABC,0,44436.0
2024-04-19,09:18:03,ABC,0,44436.0
2024-04-19,09:18:04,ABC,0,44436.0
2024-04-19,09:18:05,ABC,0,44436.0
2024-04-19,09:18:06,ABC,0,44436.0
2024-04-19,09:18:07,ABC,0,44436.0
2024-04-19,09:18:08,ABC,0,44436.0
2024-04-19,09:18:09,ABC,877,45313.0
2024-04-19,09:18:10,ABC,0,45313.0
2024-04-19,09:18:11,ABC,0,45313.0
2024-04-19,09:18:12,ABC,0,45313.0
2024-04-19,09:18:13,ABC,0,45313.0
2024-04-19,09:18:14,ABC,0,45313.0
2024-04-19,09:18:15,ABC,0,45313.0
2024-04-19,09:18:16,ABC,0,45313.0
2024-04-19,09:18:17,ABC,0,45313.0
2024-04-19,09:18:18,ABC,3263,48576.0
2024-04-19,09:18:19,ABC,0,48576.0
2024-04-19,09:18:20,ABC,0,48576.0
2024-04-19,09:18:21,ABC,0,48576.0
2024-04-19,09:18:22,ABC,0,48576.0
2024-04-19,09:18:23,ABC,0,48576.0
2024-04-19,09:18:24,ABC,0,48576.0
2024-04-19,09:18:25,ABC,0,48576.0
2024-04-19,09:18:26,ABC,383,48959.0
2024-04-19,09:18:27,ABC,0,48959.0
2024-04-19,09:18:28,ABC,0,48959.0
2024-04-19,09:18:29,ABC,0,48959.0
2024-04-19,09:18:30,ABC,0,48959.0
2024-04-19,09:18:31,ABC,0,48959.0
2024-04-19,09:18:32,ABC,0,48959.0
2024-04-19,09:18:33,ABC,0,48959.0
2024-04-19,09:18:34,ABC,4983,53942.0
2024-04-19,09:18:35,ABC,0,53942.0
2024-04-19,09:18:36,ABC,0,53942.0
2024-04-19,09:18:37,ABC,0,53942.0
2024-04-19,09:18:38,ABC,0,53942.0
2024-04-19,09:18:39,ABC,0,53942.0
2024-04-19,09:18:40,ABC,0,53942.0
2024-04-19,09:18:41,ABC,0,53942.0
2024-04-19,09:18:42,ABC,2002,55944.0
2024-04-19,09:18:43,ABC,0,55944.0
2024-04-19,09:18:44,ABC,0,55944.0
2024-04-19,09:18:45,ABC,0,55944.0
2024-04-19,09:18:46,ABC,0,55944.0
2024-04-19,09:18:47,ABC,0,55944.0
2024-04-19,09:18:48,ABC,0,55944.0
2024-04-19,09:18:49,ABC,0,55944.0
2024-04-19,09:18:50,ABC,2180,58124.0
2024-04-19,09:18:51,ABC,0,58124.0
2024-04-19,09:18:52,ABC,0,58124.0
2024-04-19,09:18:53,ABC,0,58124.0
2024-04-19,09:18:54,ABC,0,58124.0
2024-04-19,09:18:55,ABC,0,58124.0
2024-04-19,09:18:56,ABC,0,58124.0
2024-04-19,09:18:57,ABC,0,58124.0
2024-04-19,09:18:58,ABC,958,59082.0
2024-04-19,09:18:59,ABC,0,59082.0
2024-04-19,09:19:00,ABC,0,59082.0
2024-04-19,09:19:01,ABC,0,59082.0
2024-04-19,09:19:02,ABC,0,59082.0
2024-04-19,09:19:03,ABC,0,59082.0
2024-04-19,09:19:04,ABC,0,59082.0
2024-04-19,09:19:05,ABC,0,59082.0
2024-04-19,09:19:06,ABC,0,59082.0
2024-04-19,09:19:07,ABC,765,59847.0
2024-04-19,09:19:08,ABC,0,59847.0
2024-04-19,09:19:09,ABC,0,59847.0
2024-04-19,09:19:10,ABC,0,59847.0
2024-04-19,09:19:11,ABC,0,59847.0
2024-04-19,09:19:12,ABC,0,59847.0
2024-04-19,09:19:13,ABC,0,59847.0
2024-04-19,09:19:14,ABC,1054,60901.0
2024-04-19,09:19:15,ABC,0,60901.0
2024-04-19,09:19:16,ABC,0,60901.0
2024-04-19,09:19:17,ABC,0,60901.0
2024-04-19,09:19:18,ABC,0,60901.0
2024-04-19,09:19:19,ABC,0,60901.0
2024-04-19,09:19:20,ABC,0,60901.0
2024-04-19,09:19:21,ABC,0,60901.0
2024-04-19,09:19:22,ABC,727,61628.0
2024-04-19,09:19:23,ABC,0,61628.0
2024-04-19,09:19:24,ABC,0,61628.0
2024-04-19,09:19:25,ABC,0,61628.0
2024-04-19,09:19:26,ABC,0,61628.0
2024-04-19,09:19:27,ABC,0,61628.0
2024-04-19,09:19:28,ABC,0,61628.0
2024-04-19,09:19:29,ABC,0,61628.0
2024-04-19,09:19:30,ABC,918,62546.0
2024-04-19,09:19:31,ABC,0,62546.0
2024-04-19,09:19:32,ABC,0,62546.0
2024-04-19,09:19:33,ABC,0,62546.0
2024-04-19,09:19:34,ABC,0,62546.0
2024-04-19,09:19:35,ABC,0,62546.0
2024-04-19,09:19:36,ABC,0,62546.0
2024-04-19,09:19:37,ABC,0,62546.0
2024-04-19,09:19:38,ABC,65,62611.0
2024-04-19,09:19:39,ABC,0,62611.0
2024-04-19,09:19:40,ABC,0,62611.0
2024-04-19,09:19:41,ABC,0,62611.0
2024-04-19,09:19:42,ABC,0,62611.0
2024-04-19,09:19:43,ABC,0,62611.0
2024-04-19,09:19:44,ABC,0,62611.0
2024-04-19,09:19:45,ABC,0,62611.0
2024-04-19,09:19:46,ABC,416,63027.0
2024-04-19,09:19:47,ABC,0,63027.0
2024-04-19,09:19:48,ABC,0,63027.0
2024-04-19,09:19:49,ABC,0,63027.0
2024-04-19,09:19:50,ABC,0,63027.0
2024-04-19,09:19:51,ABC,0,63027.0
2024-04-19,09:19:52,ABC,0,63027.0
2024-04-19,09:19:53,ABC,0,63027.0
2024-04-19,09:19:54,ABC,1069,64096.0
2024-04-19,09:19:55,ABC,0,64096.0
2024-04-19,09:19:56,ABC,0,64096.0
2024-04-19,09:19:57,ABC,0,64096.0
2024-04-19,09:19:58,ABC,0,64096.0
2024-04-19,09:19:59,ABC,0,64096.0
2024-04-19,09:20:00,ABC,0,64096.0
2024-04-19,09:20:01,ABC,0,64096.0
2024-04-19,09:20:02,ABC,144,64240.0
2024-04-19,09:20:03,ABC,0,64240.0
2024-04-19,09:20:04,ABC,0,64240.0
2024-04-19,09:20:05,ABC,0,64240.0
2024-04-19,09:20:06,ABC,0,64240.0
2024-04-19,09:20:07,ABC,0,64240.0
2024-04-19,09:20:08,ABC,0,64240.0
2024-04-19,09:20:09,ABC,0,64240.0
2024-04-19,09:20:10,ABC,0,64240.0
2024-04-19,09:20:11,ABC,1627,65867.0
2024-04-19,09:20:12,ABC,0,65867.0
2024-04-19,09:20:13,ABC,0,65867.0
2024-04-19,09:20:14,ABC,0,65867.0
2024-04-19,09:20:15,ABC,0,65867.0
2024-04-19,09:20:16,ABC,0,65867.0
2024-04-19,09:20:17,ABC,0,65867.0
2024-04-19,09:20:18,ABC,0,65867.0
2024-04-19,09:20:19,ABC,1993,67860.0
2024-04-19,09:20:20,ABC,0,67860.0
2024-04-19,09:20:21,ABC,0,67860.0
2024-04-19,09:20:22,ABC,0,67860.0
2024-04-19,09:20:23,ABC,0,67860.0
2024-04-19,09:20:24,ABC,0,67860.0
2024-04-19,09:20:25,ABC,0,67860.0
2024-04-19,09:20:26,ABC,0,67860.0
2024-04-19,09:20:27,ABC,525,68385.0
2024-04-19,09:20:28,ABC,0,68385.0
2024-04-19,09:20:29,ABC,0,68385.0
2024-04-19,09:20:30,ABC,0,68385.0
2024-04-19,09:20:31,ABC,0,68385.0
2024-04-19,09:20:32,ABC,0,68385.0
2024-04-19,09:20:33,ABC,0,68385.0
2024-04-19,09:20:34,ABC,0,68385.0
2024-04-19,09:20:35,ABC,326,68711.0
2024-04-19,09:20:36,ABC,0,68711.0
2024-04-19,09:20:37,ABC,0,68711.0
2024-04-19,09:20:38,ABC,0,68711.0
2024-04-19,09:20:39,ABC,0,68711.0
2024-04-19,09:20:40,ABC,0,68711.0
2024-04-19,09:20:41,ABC,0,68711.0
2024-04-19,09:20:42,ABC,0,68711.0
2024-04-19,09:20:43,ABC,2880,71591.0
2024-04-19,09:20:44,ABC,0,71591.0
2024-04-19,09:20:45,ABC,0,71591.0
2024-04-19,09:20:46,ABC,0,71591.0
2024-04-19,09:20:47,ABC,0,71591.0
2024-04-19,09:20:48,ABC,0,71591.0
2024-04-19,09:20:49,ABC,0,71591.0
2024-04-19,09:20:50,ABC,0,71591.0
2024-04-19,09:20:51,ABC,2267,73858.0
2024-04-19,09:20:52,ABC,0,73858.0
2024-04-19,09:20:53,ABC,0,73858.0
2024-04-19,09:20:54,ABC,0,73858.0
2024-04-19,09:20:55,ABC,0,73858.0
2024-04-19,09:20:56,ABC,0,73858.0
2024-04-19,09:20:57,ABC,0,73858.0
2024-04-19,09:20:58,ABC,0,73858.0
2024-04-19,09:20:59,ABC,2698,76556.0
2024-04-19,09:21:00,ABC,0,76556.0
2024-04-19,09:21:01,ABC,0,76556.0
2024-04-19,09:21:02,ABC,0,76556.0
2024-04-19,09:21:03,ABC,0,76556.0
2024-04-19,09:21:04,ABC,0,76556.0
2024-04-19,09:21:05,ABC,0,76556.0
2024-04-19,09:21:06,ABC,0,76556.0
2024-04-19,09:21:07,ABC,2544,79100.0
2024-04-19,09:21:08,ABC,0,79100.0
2024-04-19,09:21:09,ABC,0,79100.0
2024-04-19,09:21:10,ABC,0,79100.0
2024-04-19,09:21:11,ABC,0,79100.0
2024-04-19,09:21:12,ABC,0,79100.0
2024-04-19,09:21:13,ABC,0,79100.0
2024-04-19,09:21:14,ABC,0,79100.0
2024-04-19,09:21:15,ABC,1270,80370.0
2024-04-19,09:21:16,ABC,0,80370.0
2024-04-19,09:21:17,ABC,0,80370.0
2024-04-19,09:21:18,ABC,0,80370.0
2024-04-19,09:21:19,ABC,0,80370.0
2024-04-19,09:21:20,ABC,0,80370.0
2024-04-19,09:21:21,ABC,0,80370.0
2024-04-19,09:21:22,ABC,0,80370.0
2024-04-19,09:21:23,ABC,2054,82424.0
2024-04-19,09:21:24,ABC,0,82424.0
2024-04-19,09:21:25,ABC,0,82424.0
2024-04-19,09:21:26,ABC,0,82424.0
2024-04-19,09:21:27,ABC,0,82424.0
2024-04-19,09:21:28,ABC,0,82424.0
2024-04-19,09:21:29,ABC,0,82424.0
2024-04-19,09:21:30,ABC,0,82424.0
2024-04-19,09:21:31,ABC,1203,83627.0
2024-04-19,09:21:32,ABC,0,83627.0
2024-04-19,09:21:33,ABC,0,83627.0
2024-04-19,09:21:34,ABC,0,83627.0
2024-04-19,09:21:35,ABC,0,83627.0
2024-04-19,09:21:36,ABC,0,83627.0
2024-04-19,09:21:37,ABC,0,83627.0
2024-04-19,09:21:38,ABC,0,83627.0
2024-04-19,09:21:39,ABC,1442,85069.0
2024-04-19,09:21:40,ABC,0,85069.0
2024-04-19,09:21:41,ABC,0,85069.0
2024-04-19,09:21:42,ABC,0,85069.0
2024-04-19,09:21:43,ABC,0,85069.0
2024-04-19,09:21:44,ABC,0,85069.0
2024-04-19,09:21:45,ABC,0,85069.0
2024-04-19,09:21:46,ABC,0,85069.0
2024-04-19,09:21:47,ABC,1550,86619.0
2024-04-19,09:21:48,ABC,0,86619.0
2024-04-19,09:21:49,ABC,0,86619.0
2024-04-19,09:21:50,ABC,0,86619.0
2024-04-19,09:21:51,ABC,0,86619.0
2024-04-19,09:21:52,ABC,0,86619.0
2024-04-19,09:21:53,ABC,0,86619.0
2024-04-19,09:21:54,ABC,0,86619.0
2024-04-19,09:21:55,ABC,649,87268.0
2024-04-19,09:21:56,ABC,0,87268.0
2024-04-19,09:21:57,ABC,0,87268.0
2024-04-19,09:21:58,ABC,0,87268.0
2024-04-19,09:21:59,ABC,0,87268.0
2024-04-19,09:22:00,ABC,0,87268.0
2024-04-19,09:22:01,ABC,0,87268.0
2024-04-19,09:22:02,ABC,0,87268.0
2024-04-19,09:22:03,ABC,524,87792.0
2024-04-19,09:22:04,ABC,0,87792.0
2024-04-19,09:22:05,ABC,0,87792.0
2024-04-19,09:22:06,ABC,0,87792.0
2024-04-19,09:22:07,ABC,0,87792.0
2024-04-19,09:22:08,ABC,0,87792.0
2024-04-19,09:22:09,ABC,0,87792.0
2024-04-19,09:22:10,ABC,0,87792.0
2024-04-19,09:22:11,ABC,655,88447.0
2024-04-19,09:22:12,ABC,0,88447.0
2024-04-19,09:22:13,ABC,0,88447.0
2024-04-19,09:22:14,ABC,0,88447.0
2024-04-19,09:22:15,ABC,0,88447.0
2024-04-19,09:22:16,ABC,0,88447.0
2024-04-19,09:22:17,ABC,0,88447.0
2024-04-19,09:22:18,ABC,0,88447.0
2024-04-19,09:22:19,ABC,489,88936.0
2024-04-19,09:22:20,ABC,0,88936.0
2024-04-19,09:22:21,ABC,0,88936.0
2024-04-19,09:22:22,ABC,0,88936.0
2024-04-19,09:22:23,ABC,0,88936.0
2024-04-19,09:22:24,ABC,0,88936.0
2024-04-19,09:22:25,ABC,0,88936.0
2024-04-19,09:22:26,ABC,0,88936.0
2024-04-19,09:22:27,ABC,438,89374.0
2024-04-19,09:22:28,ABC,0,89374.0
2024-04-19,09:22:29,ABC,0,89374.0
2024-04-19,09:22:30,ABC,0,89374.0
2024-04-19,09:22:31,ABC,0,89374.0
2024-04-19,09:22:32,ABC,0,89374.0
2024-04-19,09:22:33,ABC,0,89374.0
2024-04-19,09:22:34,ABC,0,89374.0
2024-04-19,09:22:35,ABC,295,89669.0
2024-04-19,09:22:36,ABC,0,89669.0
2024-04-19,09:22:37,ABC,0,89669.0
2024-04-19,09:22:38,ABC,0,89669.0
2024-04-19,09:22:39,ABC,0,89669.0
2024-04-19,09:22:40,ABC,0,89669.0
2024-04-19,09:22:41,ABC,0,89669.0
2024-04-19,09:22:42,ABC,757,90426.0
2024-04-19,09:22:43,ABC,0,90426.0
2024-04-19,09:22:44,ABC,0,90426.0
2024-04-19,09:22:45,ABC,0,90426.0
2024-04-19,09:22:46,ABC,0,90426.0
2024-04-19,09:22:47,ABC,0,90426.0
2024-04-19,09:22:48,ABC,0,90426.0
2024-04-19,09:22:49,ABC,0,90426.0
2024-04-19,09:22:50,ABC,1422,91848.0
2024-04-19,09:22:51,ABC,0,91848.0
2024-04-19,09:22:52,ABC,0,91848.0
2024-04-19,09:22:53,ABC,0,91848.0
2024-04-19,09:22:54,ABC,0,91848.0
2024-04-19,09:22:55,ABC,0,91848.0
2024-04-19,09:22:56,ABC,0,91848.0
2024-04-19,09:22:57,ABC,0,91848.0
2024-04-19,09:22:58,ABC,305,92153.0
2024-04-19,09:22:59,ABC,0,92153.0
2024-04-19,09:23:00,ABC,0,92153.0
2024-04-19,09:23:01,ABC,0,92153.0
2024-04-19,09:23:02,ABC,0,92153.0
2024-04-19,09:23:03,ABC,0,92153.0
2024-04-19,09:23:04,ABC,0,92153.0
2024-04-19,09:23:05,ABC,0,92153.0
2024-04-19,09:23:06,ABC,244,92397.0
2024-04-19,09:23:07,ABC,0,92397.0
2024-04-19,09:23:08,ABC,0,92397.0
2024-04-19,09:23:09,ABC,0,92397.0
2024-04-19,09:23:10,ABC,0,92397.0
2024-04-19,09:23:11,ABC,0,92397.0
2024-04-19,09:23:12,ABC,0,92397.0
2024-04-19,09:23:13,ABC,0,92397.0
2024-04-19,09:23:14,ABC,1982,94379.0
2024-04-19,09:23:15,ABC,0,94379.0
2024-04-19,09:23:16,ABC,0,94379.0
2024-04-19,09:23:17,ABC,0,94379.0
2024-04-19,09:23:18,ABC,0,94379.0
2024-04-19,09:23:19,ABC,0,94379.0
2024-04-19,09:23:20,ABC,0,94379.0
2024-04-19,09:23:21,ABC,0,94379.0
2024-04-19,09:23:22,ABC,2232,96611.0
2024-04-19,09:23:23,ABC,0,96611.0
2024-04-19,09:23:24,ABC,0,96611.0
2024-04-19,09:23:25,ABC,0,96611.0
2024-04-19,09:23:26,ABC,0,96611.0
2024-04-19,09:23:27,ABC,0,96611.0
2024-04-19,09:23:28,ABC,0,96611.0
2024-04-19,09:23:29,ABC,0,96611.0
2024-04-19,09:23:30,ABC,1081,97692.0
2024-04-19,09:23:31,ABC,0,97692.0
2024-04-19,09:23:32,ABC,0,97692.0
2024-04-19,09:23:33,ABC,0,97692.0
2024-04-19,09:23:34,ABC,0,97692.0
2024-04-19,09:23:35,ABC,0,97692.0
2024-04-19,09:23:36,ABC,0,97692.0
2024-04-19,09:23:37,ABC,0,97692.0
2024-04-19,09:23:38,ABC,342,98034.0
2024-04-19,09:23:39,ABC,0,98034.0
2024-04-19,09:23:40,ABC,0,98034.0
2024-04-19,09:23:41,ABC,0,98034.0
2024-04-19,09:23:42,ABC,0,98034.0
2024-04-19,09:23:43,ABC,0,98034.0
2024-04-19,09:23:44,ABC,0,98034.0
2024-04-19,09:23:45,ABC,0,98034.0
2024-04-19,09:23:46,ABC,0,98034.0
2024-04-19,09:23:47,ABC,489,98523.0
2024-04-19,09:23:48,ABC,0,98523.0
2024-04-19,09:23:49,ABC,0,98523.0
2024-04-19,09:23:50,ABC,0,98523.0
2024-04-19,09:23:51,ABC,0,98523.0
2024-04-19,09:23:52,ABC,0,98523.0
2024-04-19,09:23:53,ABC,0,98523.0
2024-04-19,09:23:54,ABC,0,98523.0
2024-04-19,09:23:55,ABC,1213,99736.0
2024-04-19,09:23:56,ABC,0,99736.0
2024-04-19,09:23:57,ABC,0,99736.0
2024-04-19,09:23:58,ABC,0,99736.0
2024-04-19,09:23:59,ABC,0,99736.0
2024-04-19,09:24:00,ABC,0,99736.0
2024-04-19,09:24:01,ABC,0,99736.0
2024-04-19,09:24:02,ABC,0,99736.0
2024-04-19,09:24:03,ABC,1164,100900.0
2024-04-19,09:24:04,ABC,0,100900.0
2024-04-19,09:24:05,ABC,0,100900.0
2024-04-19,09:24:06,ABC,0,100900.0
2024-04-19,09:24:07,ABC,0,100900.0
2024-04-19,09:24:08,ABC,0,100900.0
2024-04-19,09:24:09,ABC,0,100900.0
2024-04-19,09:24:10,ABC,0,100900.0
2024-04-19,09:24:11,ABC,3931,104831.0
2024-04-19,09:24:12,ABC,0,104831.0
2024-04-19,09:24:13,ABC,0,104831.0
2024-04-19,09:24:14,ABC,0,104831.0
2024-04-19,09:24:15,ABC,0,104831.0
2024-04-19,09:24:16,ABC,0,104831.0
2024-04-19,09:24:17,ABC,0,104831.0
2024-04-19,09:24:18,ABC,0,104831.0
2024-04-19,09:24:19,ABC,631,105462.0
2024-04-19,09:24:20,ABC,0,105462.0
2024-04-19,09:24:21,ABC,0,105462.0
2024-04-19,09:24:22,ABC,0,105462.0
2024-04-19,09:24:23,ABC,0,105462.0
2024-04-19,09:24:24,ABC,0,105462.0
2024-04-19,09:24:25,ABC,0,105462.0
2024-04-19,09:24:26,ABC,0,105462.0
2024-04-19,09:24:27,ABC,1866,107328.0
2024-04-19,09:24:28,ABC,0,107328.0
2024-04-19,09:24:29,ABC,0,107328.0
2024-04-19,09:24:30,ABC,0,107328.0
2024-04-19,09:24:31,ABC,0,107328.0
2024-04-19,09:24:32,ABC,0,107328.0
2024-04-19,09:24:33,ABC,0,107328.0
2024-04-19,09:24:34,ABC,0,107328.0
2024-04-19,09:24:35,ABC,84,107412.0
2024-04-19,09:24:36,ABC,0,107412.0
2024-04-19,09:24:37,ABC,0,107412.0
2024-04-19,09:24:38,ABC,0,107412.0
2024-04-19,09:24:39,ABC,0,107412.0
2024-04-19,09:24:40,ABC,0,107412.0
2024-04-19,09:24:41,ABC,0,107412.0
2024-04-19,09:24:42,ABC,248,107660.0
2024-04-19,09:24:43,ABC,0,107660.0
2024-04-19,09:24:44,ABC,0,107660.0
2024-04-19,09:24:45,ABC,0,107660.0
2024-04-19,09:24:46,ABC,0,107660.0
2024-04-19,09:24:47,ABC,0,107660.0
2024-04-19,09:24:48,ABC,0,107660.0
2024-04-19,09:24:49,ABC,0,107660.0
2024-04-19,09:24:50,ABC,312,107972.0
2024-04-19,09:24:51,ABC,0,107972.0
2024-04-19,09:24:52,ABC,0,107972.0
2024-04-19,09:24:53,ABC,0,107972.0
2024-04-19,09:24:54,ABC,0,107972.0
2024-04-19,09:24:55,ABC,0,107972.0
2024-04-19,09:24:56,ABC,0,107972.0
2024-04-19,09:24:57,ABC,0,107972.0
2024-04-19,09:24:58,ABC,0,107972.0
2024-04-19,09:24:59,ABC,79,108051.0
2024-04-19,09:25:00,ABC,0,108051.0
2024-04-19,09:25:01,ABC,0,108051.0
2024-04-19,09:25:02,ABC,0,108051.0
2024-04-19,09:25:03,ABC,0,108051.0
2024-04-19,09:25:04,ABC,0,108051.0
2024-04-19,09:25:05,ABC,0,108051.0
2024-04-19,09:25:06,ABC,1031,109082.0
2024-04-19,09:25:07,ABC,0,109082.0
2024-04-19,09:25:08,ABC,0,109082.0
2024-04-19,09:25:09,ABC,0,109082.0
2024-04-19,09:25:10,ABC,0,109082.0
2024-04-19,09:25:11,ABC,0,109082.0
2024-04-19,09:25:12,ABC,0,109082.0
2024-04-19,09:25:13,ABC,0,109082.0
2024-04-19,09:25:14,ABC,23,109105.0
2024-04-19,09:25:15,ABC,0,109105.0
2024-04-19,09:25:16,ABC,0,109105.0
2024-04-19,09:25:17,ABC,0,109105.0
2024-04-19,09:25:18,ABC,0,109105.0
2024-04-19,09:25:19,ABC,0,109105.0
2024-04-19,09:25:20,ABC,0,109105.0
2024-04-19,09:25:21,ABC,0,109105.0
2024-04-19,09:25:22,ABC,330,109435.0
2024-04-19,09:25:23,ABC,0,109435.0
2024-04-19,09:25:24,ABC,0,109435.0
2024-04-19,09:25:25,ABC,0,109435.0
2024-04-19,09:25:26,ABC,0,109435.0
2024-04-19,09:25:27,ABC,0,109435.0
2024-04-19,09:25:28,ABC,0,109435.0
2024-04-19,09:25:29,ABC,0,109435.0
2024-04-19,09:25:30,ABC,598,110033.0
2024-04-19,09:25:31,ABC,0,110033.0
2024-04-19,09:25:32,ABC,0,110033.0
2024-04-19,09:25:33,ABC,0,110033.0
2024-04-19,09:25:34,ABC,0,110033.0
2024-04-19,09:25:35,ABC,0,110033.0
2024-04-19,09:25:36,ABC,0,110033.0
2024-04-19,09:25:37,ABC,0,110033.0
2024-04-19,09:25:38,ABC,131,110164.0
2024-04-19,09:25:39,ABC,0,110164.0
2024-04-19,09:25:40,ABC,0,110164.0
2024-04-19,09:25:41,ABC,0,110164.0
2024-04-19,09:25:42,ABC,0,110164.0
2024-04-19,09:25:43,ABC,0,110164.0
2024-04-19,09:25:44,ABC,0,110164.0
2024-04-19,09:25:45,ABC,0,110164.0
2024-04-19,09:25:46,ABC,3321,113485.0
2024-04-19,09:25:47,ABC,0,113485.0
2024-04-19,09:25:48,ABC,0,113485.0
2024-04-19,09:25:49,ABC,0,113485.0
2024-04-19,09:25:50,ABC,0,113485.0
2024-04-19,09:25:51,ABC,0,113485.0
2024-04-19,09:25:52,ABC,0,113485.0
2024-04-19,09:25:53,ABC,0,113485.0
2024-04-19,09:25:54,ABC,393,113878.0
2024-04-19,09:25:55,ABC,0,113878.0
2024-04-19,09:25:56,ABC,0,113878.0
2024-04-19,09:25:57,ABC,0,113878.0
2024-04-19,09:25:58,ABC,0,113878.0
2024-04-19,09:25:59,ABC,0,113878.0
2024-04-19,09:26:00,ABC,0,113878.0
2024-04-19,09:26:01,ABC,0,113878.0
2024-04-19,09:26:02,ABC,1723,115601.0
2024-04-19,09:26:03,ABC,0,115601.0
2024-04-19,09:26:04,ABC,0,115601.0
2024-04-19,09:26:05,ABC,0,115601.0
2024-04-19,09:26:06,ABC,0,115601.0
2024-04-19,09:26:07,ABC,0,115601.0
2024-04-19,09:26:08,ABC,0,115601.0
2024-04-19,09:26:09,ABC,0,115601.0
2024-04-19,09:26:10,ABC,1020,116621.0
2024-04-19,09:26:11,ABC,0,116621.0
2024-04-19,09:26:12,ABC,0,116621.0
2024-04-19,09:26:13,ABC,0,116621.0
2024-04-19,09:26:14,ABC,0,116621.0
2024-04-19,09:26:15,ABC,0,116621.0
2024-04-19,09:26:16,ABC,0,116621.0
2024-04-19,09:26:17,ABC,0,116621.0
2024-04-19,09:26:18,ABC,47,116668.0
2024-04-19,09:26:19,ABC,0,116668.0
2024-04-19,09:26:20,ABC,0,116668.0
2024-04-19,09:26:21,ABC,0,116668.0
2024-04-19,09:26:22,ABC,0,116668.0
2024-04-19,09:26:23,ABC,0,116668.0
2024-04-19,09:26:24,ABC,0,116668.0
2024-04-19,09:26:25,ABC,0,116668.0
2024-04-19,09:26:26,ABC,150,116818.0
2024-04-19,09:26:27,ABC,0,116818.0
2024-04-19,09:26:28,ABC,0,116818.0
2024-04-19,09:26:29,ABC,0,116818.0
2024-04-19,09:26:30,ABC,0,116818.0
2024-04-19,09:26:31,ABC,0,116818.0
2024-04-19,09:26:32,ABC,0,116818.0
2024-04-19,09:26:33,ABC,0,116818.0
2024-04-19,09:26:34,ABC,1235,118053.0
2024-04-19,09:26:35,ABC,0,118053.0
2024-04-19,09:26:36,ABC,0,118053.0
2024-04-19,09:26:37,ABC,0,118053.0
2024-04-19,09:26:38,ABC,0,118053.0
2024-04-19,09:26:39,ABC,0,118053.0
2024-04-19,09:26:40,ABC,0,118053.0
2024-04-19,09:26:41,ABC,119,118172.0
2024-04-19,09:26:42,ABC,0,118172.0
2024-04-19,09:26:43,ABC,0,118172.0
2024-04-19,09:26:44,ABC,0,118172.0
2024-04-19,09:26:45,ABC,0,118172.0
2024-04-19,09:26:46,ABC,0,118172.0
2024-04-19,09:26:47,ABC,0,118172.0
2024-04-19,09:26:48,ABC,0,118172.0
2024-04-19,09:26:49,ABC,0,118172.0
2024-04-19,09:26:50,ABC,5911,124083.0
2024-04-19,09:26:51,ABC,0,124083.0
2024-04-19,09:26:52,ABC,0,124083.0
2024-04-19,09:26:53,ABC,0,124083.0
2024-04-19,09:26:54,ABC,0,124083.0
2024-04-19,09:26:55,ABC,0,124083.0
2024-04-19,09:26:56,ABC,0,124083.0
2024-04-19,09:26:57,ABC,0,124083.0
2024-04-19,09:26:58,ABC,1817,125900.0
2024-04-19,09:26:59,ABC,0,125900.0
2024-04-19,09:27:00,ABC,0,125900.0
2024-04-19,09:27:01,ABC,0,125900.0
2024-04-19,09:27:02,ABC,0,125900.0
2024-04-19,09:27:03,ABC,0,125900.0
2024-04-19,09:27:04,ABC,0,125900.0
2024-04-19,09:27:05,ABC,0,125900.0
2024-04-19,09:27:06,ABC,130,126030.0
2024-04-19,09:27:07,ABC,0,126030.0
2024-04-19,09:27:08,ABC,0,126030.0
2024-04-19,09:27:09,ABC,0,126030.0
2024-04-19,09:27:10,ABC,0,126030.0
2024-04-19,09:27:11,ABC,0,126030.0
2024-04-19,09:27:12,ABC,0,126030.0
2024-04-19,09:27:13,ABC,0,126030.0
2024-04-19,09:27:14,ABC,346,126376.0
2024-04-19,09:27:15,ABC,0,126376.0
2024-04-19,09:27:16,ABC,0,126376.0
2024-04-19,09:27:17,ABC,0,126376.0
2024-04-19,09:27:18,ABC,0,126376.0
2024-04-19,09:27:19,ABC,0,126376.0
2024-04-19,09:27:20,ABC,0,126376.0
2024-04-19,09:27:21,ABC,0,126376.0
2024-04-19,09:27:22,ABC,1160,127536.0
2024-04-19,09:27:23,ABC,0,127536.0
2024-04-19,09:27:24,ABC,0,127536.0
2024-04-19,09:27:25,ABC,0,127536.0
2024-04-19,09:27:26,ABC,0,127536.0
2024-04-19,09:27:27,ABC,0,127536.0
2024-04-19,09:27:28,ABC,0,127536.0
2024-04-19,09:27:29,ABC,0,127536.0
2024-04-19,09:27:30,ABC,146,127682.0
2024-04-19,09:27:31,ABC,0,127682.0
2024-04-19,09:27:32,ABC,0,127682.0
2024-04-19,09:27:33,ABC,0,127682.0
2024-04-19,09:27:34,ABC,0,127682.0
2024-04-19,09:27:35,ABC,0,127682.0
2024-04-19,09:27:36,ABC,0,127682.0
2024-04-19,09:27:37,ABC,0,127682.0
2024-04-19,09:27:38,ABC,406,128088.0
2024-04-19,09:27:39,ABC,0,128088.0
2024-04-19,09:27:40,ABC,0,128088.0
2024-04-19,09:27:41,ABC,0,128088.0
2024-04-19,09:27:42,ABC,0,128088.0
2024-04-19,09:27:43,ABC,0,128088.0
2024-04-19,09:27:44,ABC,0,128088.0
2024-04-19,09:27:45,ABC,1650,129738.0
2024-04-19,09:27:46,ABC,0,129738.0
2024-04-19,09:27:47,ABC,0,129738.0
2024-04-19,09:27:48,ABC,0,129738.0
2024-04-19,09:27:49,ABC,0,129738.0
2024-04-19,09:27:50,ABC,0,129738.0
2024-04-19,09:27:51,ABC,0,129738.0
2024-04-19,09:27:52,ABC,0,129738.0
2024-04-19,09:27:53,ABC,428,130166.0
2024-04-19,09:27:54,ABC,0,130166.0
2024-04-19,09:27:55,ABC,0,130166.0
2024-04-19,09:27:56,ABC,0,130166.0
2024-04-19,09:27:57,ABC,0,130166.0
2024-04-19,09:27:58,ABC,0,130166.0
2024-04-19,09:27:59,ABC,0,130166.0
2024-04-19,09:28:00,ABC,0,130166.0
2024-04-19,09:28:01,ABC,721,130887.0
2024-04-19,09:28:02,ABC,0,130887.0
2024-04-19,09:28:03,ABC,0,130887.0
2024-04-19,09:28:04,ABC,0,130887.0
2024-04-19,09:28:05,ABC,0,130887.0
2024-04-19,09:28:06,ABC,0,130887.0
2024-04-19,09:28:07,ABC,0,130887.0
2024-04-19,09:28:08,ABC,0,130887.0
2024-04-19,09:28:09,ABC,278,131165.0
2024-04-19,09:28:10,ABC,0,131165.0
2024-04-19,09:28:11,ABC,0,131165.0
2024-04-19,09:28:12,ABC,0,131165.0
2024-04-19,09:28:13,ABC,0,131165.0
2024-04-19,09:28:14,ABC,0,131165.0
2024-04-19,09:28:15,ABC,0,131165.0
2024-04-19,09:28:16,ABC,0,131165.0
2024-04-19,09:28:17,ABC,46,131211.0
2024-04-19,09:28:18,ABC,0,131211.0
2024-04-19,09:28:19,ABC,0,131211.0
2024-04-19,09:28:20,ABC,0,131211.0
2024-04-19,09:28:21,ABC,0,131211.0
2024-04-19,09:28:22,ABC,0,131211.0
2024-04-19,09:28:23,ABC,0,131211.0
2024-04-19,09:28:24,ABC,0,131211.0
2024-04-19,09:28:25,ABC,140,131351.0
2024-04-19,09:28:26,ABC,0,131351.0
2024-04-19,09:28:27,ABC,0,131351.0
2024-04-19,09:28:28,ABC,0,131351.0
2024-04-19,09:28:29,ABC,0,131351.0
2024-04-19,09:28:30,ABC,0,131351.0
2024-04-19,09:28:31,ABC,0,131351.0
2024-04-19,09:28:32,ABC,0,131351.0
2024-04-19,09:28:33,ABC,1225,132576.0
2024-04-19,09:28:34,ABC,0,132576.0
2024-04-19,09:28:35,ABC,0,132576.0
2024-04-19,09:28:36,ABC,0,132576.0
2024-04-19,09:28:37,ABC,0,132576.0
2024-04-19,09:28:38,ABC,0,132576.0
2024-04-19,09:28:39,ABC,0,132576.0
2024-04-19,09:28:40,ABC,0,132576.0
2024-04-19,09:28:41,ABC,623,133199.0
2024-04-19,09:28:42,ABC,0,133199.0
2024-04-19,09:28:43,ABC,0,133199.0
2024-04-19,09:28:44,ABC,0,133199.0
2024-04-19,09:28:45,ABC,0,133199.0
2024-04-19,09:28:46,ABC,0,133199.0
2024-04-19,09:28:47,ABC,0,133199.0
2024-04-19,09:28:48,ABC,0,133199.0
2024-04-19,09:28:49,ABC,1012,134211.0
2024-04-19,09:28:50,ABC,0,134211.0
2024-04-19,09:28:51,ABC,0,134211.0
2024-04-19,09:28:52,ABC,0,134211.0
2024-04-19,09:28:53,ABC,0,134211.0
2024-04-19,09:28:54,ABC,0,134211.0
2024-04-19,09:28:55,ABC,0,134211.0
2024-04-19,09:28:56,ABC,272,134483.0
2024-04-19,09:28:57,ABC,0,134483.0
2024-04-19,09:28:58,ABC,0,134483.0
2024-04-19,09:28:59,ABC,0,134483.0
2024-04-19,09:29:00,ABC,0,134483.0
2024-04-19,09:29:01,ABC,0,134483.0
2024-04-19,09:29:02,ABC,0,134483.0
2024-04-19,09:29:03,ABC,0,134483.0
2024-04-19,09:29:04,ABC,2369,136852.0
2024-04-19,09:29:05,ABC,0,136852.0
2024-04-19,09:29:06,ABC,0,136852.0
2024-04-19,09:29:07,ABC,0,136852.0
2024-04-19,09:29:08,ABC,0,136852.0
2024-04-19,09:29:09,ABC,0,136852.0
2024-04-19,09:29:10,ABC,0,136852.0
2024-04-19,09:29:11,ABC,0,136852.0
2024-04-19,09:29:12,ABC,1484,138336.0
2024-04-19,09:29:13,ABC,0,138336.0
2024-04-19,09:29:14,ABC,0,138336.0
2024-04-19,09:29:15,ABC,0,138336.0
2024-04-19,09:29:16,ABC,0,138336.0
2024-04-19,09:29:17,ABC,0,138336.0
2024-04-19,09:29:18,ABC,0,138336.0
2024-04-19,09:29:19,ABC,0,138336.0
2024-04-19,09:29:20,ABC,570,138906.0
2024-04-19,09:29:21,ABC,0,138906.0
2024-04-19,09:29:22,ABC,0,138906.0
2024-04-19,09:29:23,ABC,0,138906.0
2024-04-19,09:29:24,ABC,0,138906.0
2024-04-19,09:29:25,ABC,0,138906.0
2024-04-19,09:29:26,ABC,0,138906.0
2024-04-19,09:29:27,ABC,0,138906.0
2024-04-19,09:29:28,ABC,20,138926.0
2024-04-19,09:29:29,ABC,0,138926.0
2024-04-19,09:29:30,ABC,0,138926.0
2024-04-19,09:29:31,ABC,0,138926.0
2024-04-19,09:29:32,ABC,0,138926.0
2024-04-19,09:29:33,ABC,0,138926.0
2024-04-19,09:29:34,ABC,0,138926.0
2024-04-19,09:29:35,ABC,1058,139984.0
2024-04-19,09:29:36,ABC,0,139984.0
2024-04-19,09:29:37,ABC,0,139984.0
2024-04-19,09:29:38,ABC,0,139984.0
2024-04-19,09:29:39,ABC,0,139984.0
2024-04-19,09:29:40,ABC,0,139984.0
2024-04-19,09:29:41,ABC,0,139984.0
2024-04-19,09:29:42,ABC,0,139984.0
2024-04-19,09:29:43,ABC,135,140119.0
2024-04-19,09:29:44,ABC,0,140119.0
2024-04-19,09:29:45,ABC,0,140119.0
2024-04-19,09:29:46,ABC,0,140119.0
2024-04-19,09:29:47,ABC,0,140119.0
2024-04-19,09:29:48,ABC,0,140119.0
2024-04-19,09:29:49,ABC,0,140119.0
2024-04-19,09:29:50,ABC,576,140695.0
2024-04-19,09:29:51,ABC,0,140695.0
2024-04-19,09:29:52,ABC,0,140695.0
2024-04-19,09:29:53,ABC,0,140695.0
2024-04-19,09:29:54,ABC,0,140695.0
2024-04-19,09:29:55,ABC,0,140695.0
2024-04-19,09:29:56,ABC,0,140695.0
2024-04-19,09:29:57,ABC,0,140695.0
2024-04-19,09:29:58,ABC,1351,142046.0
2024-04-19,09:29:59,ABC,0,142046.0
2024-04-19,09:30:00,ABC,0,142046.0
2024-04-19,09:30:01,ABC,0,142046.0
2024-04-19,09:30:02,ABC,0,142046.0
2024-04-19,09:30:03,ABC,0,142046.0
2024-04-19,09:30:04,ABC,0,142046.0
2024-04-19,09:30:05,ABC,0,142046.0
2024-04-19,09:30:06,ABC,275,142321.0
2024-04-19,09:30:07,ABC,0,142321.0
2024-04-19,09:30:08,ABC,0,142321.0
2024-04-19,09:30:09,ABC,0,142321.0
2024-04-19,09:30:10,ABC,0,142321.0
2024-04-19,09:30:11,ABC,0,142321.0
2024-04-19,09:30:12,ABC,0,142321.0
2024-04-19,09:30:13,ABC,0,142321.0
2024-04-19,09:30:14,ABC,1440,143761.0
2024-04-19,09:30:15,ABC,0,143761.0
2024-04-19,09:30:16,ABC,0,143761.0
2024-04-19,09:30:17,ABC,0,143761.0
2024-04-19,09:30:18,ABC,0,143761.0
2024-04-19,09:30:19,ABC,0,143761.0
2024-04-19,09:30:20,ABC,0,143761.0
2024-04-19,09:30:21,ABC,0,143761.0
2024-04-19,09:30:22,ABC,693,144454.0
2024-04-19,09:30:23,ABC,0,144454.0
2024-04-19,09:30:24,ABC,0,144454.0
2024-04-19,09:30:25,ABC,0,144454.0
2024-04-19,09:30:26,ABC,0,144454.0
2024-04-19,09:30:27,ABC,0,144454.0
2024-04-19,09:30:28,ABC,0,144454.0
2024-04-19,09:30:29,ABC,0,144454.0
2024-04-19,09:30:30,ABC,1784,146238.0
2024-04-19,09:30:31,ABC,0,146238.0
2024-04-19,09:30:32,ABC,0,146238.0
2024-04-19,09:30:33,ABC,0,146238.0
2024-04-19,09:30:34,ABC,0,146238.0
2024-04-19,09:30:35,ABC,0,146238.0
2024-04-19,09:30:36,ABC,0,146238.0
2024-04-19,09:30:37,ABC,0,146238.0
2024-04-19,09:30:38,ABC,1336,147574.0
2024-04-19,09:30:39,ABC,0,147574.0
2024-04-19,09:30:40,ABC,0,147574.0
2024-04-19,09:30:41,ABC,0,147574.0
2024-04-19,09:30:42,ABC,0,147574.0
2024-04-19,09:30:43,ABC,0,147574.0
2024-04-19,09:30:44,ABC,0,147574.0
2024-04-19,09:30:45,ABC,0,147574.0
2024-04-19,09:30:46,ABC,602,148176.0
2024-04-19,09:30:47,ABC,0,148176.0
2024-04-19,09:30:48,ABC,0,148176.0
2024-04-19,09:30:49,ABC,0,148176.0
2024-04-19,09:30:50,ABC,0,148176.0
2024-04-19,09:30:51,ABC,0,148176.0
2024-04-19,09:30:52,ABC,0,148176.0
2024-04-19,09:30:53,ABC,0,148176.0
2024-04-19,09:30:54,ABC,1328,149504.0
2024-04-19,09:30:55,ABC,0,149504.0
2024-04-19,09:30:56,ABC,0,149504.0
2024-04-19,09:30:57,ABC,0,149504.0
2024-04-19,09:30:58,ABC,0,149504.0
2024-04-19,09:30:59,ABC,0,149504.0
2024-04-19,09:31:00,ABC,0,149504.0
2024-04-19,09:31:01,ABC,614,150118.0
2024-04-19,09:31:02,ABC,0,150118.0
2024-04-19,09:31:03,ABC,0,150118.0
2024-04-19,09:31:04,ABC,0,150118.0
2024-04-19,09:31:05,ABC,0,150118.0
2024-04-19,09:31:06,ABC,0,150118.0
2024-04-19,09:31:07,ABC,0,150118.0
2024-04-19,09:31:08,ABC,1674,151792.0
2024-04-19,09:31:09,ABC,15,151807.0
2024-04-19,09:31:10,ABC,11,151818.0
2024-04-19,09:31:11,ABC,0,151818.0
2024-04-19,09:31:12,ABC,0,151818.0
2024-04-19,09:31:13,ABC,0,151818.0
2024-04-19,09:31:14,ABC,0,151818.0
2024-04-19,09:31:15,ABC,0,151818.0
2024-04-19,09:31:16,ABC,0,151818.0
2024-04-19,09:31:17,ABC,4518,156336.0
2024-04-19,09:31:18,ABC,133,156469.0
2024-04-19,09:31:19,ABC,0,156469.0
2024-04-19,09:31:20,ABC,10,156479.0
2024-04-19,09:31:21,ABC,5,156484.0
2024-04-19,09:31:22,ABC,0,156484.0
2024-04-19,09:31:23,ABC,0,156484.0
2024-04-19,09:31:24,ABC,0,156484.0
2024-04-19,09:31:25,ABC,0,156484.0
2024-04-19,09:31:26,ABC,480,156964.0
2024-04-19,09:31:27,ABC,5,156969.0
2024-04-19,09:31:28,ABC,467,157436.0
2024-04-19,09:31:29,ABC,0,157436.0
2024-04-19,09:31:30,ABC,0,157436.0
2024-04-19,09:31:31,ABC,64,157500.0
2024-04-19,09:31:32,ABC,549,158049.0
2024-04-19,09:31:33,ABC,1,158050.0
2024-04-19,09:31:34,ABC,0,158050.0
2024-04-19,09:31:35,ABC,0,158050.0
2024-04-19,09:31:36,ABC,0,158050.0
2024-04-19,09:31:37,ABC,1,158051.0
2024-04-19,09:31:38,ABC,50,158101.0
2024-04-19,09:31:39,ABC,8,158109.0
2024-04-19,09:31:40,ABC,0,158109.0
2024-04-19,09:31:41,ABC,10,158119.0
2024-04-19,09:31:42,ABC,0,158119.0
2024-04-19,09:31:43,ABC,17,158136.0
2024-04-19,09:31:44,ABC,44,158180.0
2024-04-19,09:31:45,ABC,0,158180.0
2024-04-19,09:31:46,ABC,0,158180.0
2024-04-19,09:31:47,ABC,300,158480.0
2024-04-19,09:31:48,ABC,0,158480.0
2024-04-19,09:31:49,ABC,0,158480.0
2024-04-19,09:31:50,ABC,0,158480.0
2024-04-19,09:31:51,ABC,0,158480.0
2024-04-19,09:31:52,ABC,0,158480.0
2024-04-19,09:31:53,ABC,5,158485.0
2024-04-19,09:31:54,ABC,0,158485.0
2024-04-19,09:31:55,ABC,0,158485.0
2024-04-19,09:31:56,ABC,0,158485.0
2024-04-19,09:31:57,ABC,121,158606.0
2024-04-19,09:31:58,ABC,20,158626.0
2024-04-19,09:31:59,ABC,1062,159688.0
2024-04-19,09:32:00,ABC,0,159688.0
2024-04-19,09:32:01,ABC,0,159688.0
2024-04-19,09:32:02,ABC,0,159688.0
2024-04-19,09:32:03,ABC,0,159688.0
2024-04-19,09:32:04,ABC,9,159697.0
2024-04-19,09:32:05,ABC,0,159697.0
2024-04-19,09:32:06,ABC,0,159697.0
2024-04-19,09:32:07,ABC,1,159698.0
2024-04-19,09:32:08,ABC,101,159799.0
2024-04-19,09:32:09,ABC,0,159799.0
2024-04-19,09:32:10,ABC,395,160194.0
2024-04-19,09:32:11,ABC,0,160194.0
2024-04-19,09:32:12,ABC,0,160194.0
2024-04-19,09:32:13,ABC,0,160194.0
2024-04-19,09:32:14,ABC,0,160194.0
2024-04-19,09:32:15,ABC,0,160194.0
2024-04-19,09:32:16,ABC,0,160194.0
2024-04-19,09:32:17,ABC,0,160194.0
2024-04-19,09:32:18,ABC,28,160222.0
2024-04-19,09:32:19,ABC,0,160222.0
2024-04-19,09:32:20,ABC,0,160222.0
2024-04-19,09:32:21,ABC,0,160222.0
2024-04-19,09:32:22,ABC,0,160222.0
2024-04-19,09:32:23,ABC,0,160222.0
2024-04-19,09:32:24,ABC,0,160222.0
2024-04-19,09:32:25,ABC,74,160296.0
2024-04-19,09:32:26,ABC,0,160296.0
2024-04-19,09:32:27,ABC,0,160296.0
2024-04-19,09:32:28,ABC,0,160296.0
2024-04-19,09:32:29,ABC,0,160296.0
2024-04-19,09:32:30,ABC,0,160296.0
2024-04-19,09:32:31,ABC,0,160296.0
2024-04-19,09:32:32,ABC,0,160296.0
2024-04-19,09:32:33,ABC,180,160476.0
2024-04-19,09:32:34,ABC,0,160476.0
2024-04-19,09:32:35,ABC,0,160476.0
2024-04-19,09:32:36,ABC,0,160476.0
2024-04-19,09:32:37,ABC,0,160476.0
2024-04-19,09:32:38,ABC,0,160476.0
2024-04-19,09:32:39,ABC,0,160476.0
2024-04-19,09:32:40,ABC,0,160476.0
2024-04-19,09:32:41,ABC,747,161223.0
2024-04-19,09:32:42,ABC,0,161223.0
2024-04-19,09:32:43,ABC,0,161223.0
2024-04-19,09:32:44,ABC,0,161223.0
2024-04-19,09:32:45,ABC,0,161223.0
2024-04-19,09:32:46,ABC,0,161223.0
2024-04-19,09:32:47,ABC,0,161223.0
2024-04-19,09:32:48,ABC,573,161796.0
2024-04-19,09:32:49,ABC,0,161796.0
2024-04-19,09:32:50,ABC,0,161796.0
2024-04-19,09:32:51,ABC,0,161796.0
2024-04-19,09:32:52,ABC,0,161796.0
2024-04-19,09:32:53,ABC,0,161796.0
2024-04-19,09:32:54,ABC,0,161796.0
2024-04-19,09:32:55,ABC,0,161796.0
2024-04-19,09:32:56,ABC,27,161823.0
2024-04-19,09:32:57,ABC,0,161823.0
2024-04-19,09:32:58,ABC,0,161823.0
2024-04-19,09:32:59,ABC,0,161823.0
2024-04-19,09:33:00,ABC,0,161823.0
2024-04-19,09:33:01,ABC,0,161823.0
2024-04-19,09:33:02,ABC,0,161823.0
2024-04-19,09:33:03,ABC,0,161823.0
2024-04-19,09:33:04,ABC,311,162134.0
2024-04-19,09:33:05,ABC,0,162134.0
2024-04-19,09:33:06,ABC,0,162134.0
2024-04-19,09:33:07,ABC,0,162134.0
2024-04-19,09:33:08,ABC,0,162134.0
2024-04-19,09:33:09,ABC,0,162134.0
2024-04-19,09:33:10,ABC,0,162134.0
2024-04-19,09:33:11,ABC,0,162134.0
2024-04-19,09:33:12,ABC,1819,163953.0
2024-04-19,09:33:13,ABC,0,163953.0
2024-04-19,09:33:14,ABC,0,163953.0
2024-04-19,09:33:15,ABC,0,163953.0
2024-04-19,09:33:16,ABC,0,163953.0
2024-04-19,09:33:17,ABC,0,163953.0
2024-04-19,09:33:18,ABC,0,163953.0
2024-04-19,09:33:19,ABC,1506,165459.0
2024-04-19,09:33:20,ABC,0,165459.0
2024-04-19,09:33:21,ABC,0,165459.0
2024-04-19,09:33:22,ABC,0,165459.0
2024-04-19,09:33:23,ABC,0,165459.0
2024-04-19,09:33:24,ABC,0,165459.0
2024-04-19,09:33:25,ABC,0,165459.0
2024-04-19,09:33:26,ABC,0,165459.0
2024-04-19,09:33:27,ABC,160,165619.0
2024-04-19,09:33:28,ABC,0,165619.0
2024-04-19,09:33:29,ABC,0,165619.0
2024-04-19,09:33:30,ABC,0,165619.0
2024-04-19,09:33:31,ABC,0,165619.0
2024-04-19,09:33:32,ABC,0,165619.0
2024-04-19,09:33:33,ABC,0,165619.0
2024-04-19,09:33:34,ABC,1,165620.0
2024-04-19,09:33:35,ABC,0,165620.0
2024-04-19,09:33:36,ABC,0,165620.0
2024-04-19,09:33:37,ABC,0,165620.0
2024-04-19,09:33:38,ABC,0,165620.0
2024-04-19,09:33:39,ABC,0,165620.0
2024-04-19,09:33:40,ABC,0,165620.0
2024-04-19,09:33:41,ABC,0,165620.0
2024-04-19,09:33:42,ABC,141,165761.0
2024-04-19,09:33:43,ABC,0,165761.0
2024-04-19,09:33:44,ABC,0,165761.0
2024-04-19,09:33:45,ABC,0,165761.0
2024-04-19,09:33:46,ABC,0,165761.0
2024-04-19,09:33:47,ABC,0,165761.0
2024-04-19,09:33:48,ABC,0,165761.0
2024-04-19,09:33:49,ABC,0,165761.0
2024-04-19,09:33:50,ABC,0,165761.0
2024-04-19,09:33:51,ABC,0,165761.0
2024-04-19,09:33:52,ABC,0,165761.0
2024-04-19,09:33:53,ABC,0,165761.0
2024-04-19,09:33:54,ABC,0,165761.0
2024-04-19,09:33:55,ABC,0,165761.0
2024-04-19,09:33:56,ABC,0,165761.0
2024-04-19,09:33:57,ABC,160,165921.0
2024-04-19,09:33:58,ABC,0,165921.0
2024-04-19,09:33:59,ABC,0,165921.0
2024-04-19,09:34:00,ABC,0,165921.0
2024-04-19,09:34:01,ABC,0,165921.0
2024-04-19,09:34:02,ABC,0,165921.0
2024-04-19,09:34:03,ABC,0,165921.0
2024-04-19,09:34:04,ABC,35,165956.0
2024-04-19,09:34:05,ABC,0,165956.0
2024-04-19,09:34:06,ABC,0,165956.0
2024-04-19,09:34:07,ABC,0,165956.0
2024-04-19,09:34:08,ABC,0,165956.0
2024-04-19,09:34:09,ABC,0,165956.0
2024-04-19,09:34:10,ABC,0,165956.0
2024-04-19,09:34:11,ABC,0,165956.0
2024-04-19,09:34:12,ABC,104,166060.0
2024-04-19,09:34:13,ABC,0,166060.0
2024-04-19,09:34:14,ABC,0,166060.0
2024-04-19,09:34:15,ABC,0,166060.0
2024-04-19,09:34:16,ABC,0,166060.0
2024-04-19,09:34:17,ABC,0,166060.0
2024-04-19,09:34:18,ABC,0,166060.0
2024-04-19,09:34:19,ABC,2413,168473.0
2024-04-19,09:34:20,ABC,0,168473.0
2024-04-19,09:34:21,ABC,0,168473.0
2024-04-19,09:34:22,ABC,0,168473.0
2024-04-19,09:34:23,ABC,0,168473.0
2024-04-19,09:34:24,ABC,0,168473.0
2024-04-19,09:34:25,ABC,0,168473.0
2024-04-19,09:34:26,ABC,0,168473.0
2024-04-19,09:34:27,ABC,182,168655.0
2024-04-19,09:34:28,ABC,0,168655.0
2024-04-19,09:34:29,ABC,0,168655.0
2024-04-19,09:34:30,ABC,0,168655.0
2024-04-19,09:34:31,ABC,0,168655.0
2024-04-19,09:34:32,ABC,0,168655.0
2024-04-19,09:34:33,ABC,0,168655.0
2024-04-19,09:34:34,ABC,234,168889.0
2024-04-19,09:34:35,ABC,0,168889.0
2024-04-19,09:34:36,ABC,0,168889.0
2024-04-19,09:34:37,ABC,0,168889.0
2024-04-19,09:34:38,ABC,0,168889.0
2024-04-19,09:34:39,ABC,0,168889.0
2024-04-19,09:34:40,ABC,0,168889.0
2024-04-19,09:34:41,ABC,0,168889.0
2024-04-19,09:34:42,ABC,140,169029.0
2024-04-19,09:34:43,ABC,0,169029.0
2024-04-19,09:34:44,ABC,0,169029.0
2024-04-19,09:34:45,ABC,0,169029.0
2024-04-19,09:34:46,ABC,0,169029.0
2024-04-19,09:34:47,ABC,0,169029.0
2024-04-19,09:34:48,ABC,0,169029.0
2024-04-19,09:34:49,ABC,266,169295.0
2024-04-19,09:34:50,ABC,0,169295.0
2024-04-19,09:34:51,ABC,0,169295.0
2024-04-19,09:34:52,ABC,0,169295.0
2024-04-19,09:34:53,ABC,0,169295.0
2024-04-19,09:34:54,ABC,0,169295.0
2024-04-19,09:34:55,ABC,0,169295.0
2024-04-19,09:34:56,ABC,0,169295.0
2024-04-19,09:34:57,ABC,434,169729.0
2024-04-19,09:34:58,ABC,0,169729.0
2024-04-19,09:34:59,ABC,0,169729.0
2024-04-19,09:35:00,ABC,0,169729.0
2024-04-19,09:35:01,ABC,0,169729.0
2024-04-19,09:35:02,ABC,0,169729.0
2024-04-19,09:35:03,ABC,0,169729.0
2024-04-19,09:35:04,ABC,61,169790.0
2024-04-19,09:35:05,ABC,0,169790.0
2024-04-19,09:35:06,ABC,0,169790.0
2024-04-19,09:35:07,ABC,0,169790.0
2024-04-19,09:35:08,ABC,0,169790.0
2024-04-19,09:35:09,ABC,0,169790.0
2024-04-19,09:35:10,ABC,0,169790.0
2024-04-19,09:35:11,ABC,0,169790.0
2024-04-19,09:35:12,ABC,277,170067.0
2024-04-19,09:35:13,ABC,0,170067.0
2024-04-19,09:35:14,ABC,0,170067.0
2024-04-19,09:35:15,ABC,0,170067.0
2024-04-19,09:35:16,ABC,0,170067.0
2024-04-19,09:35:17,ABC,0,170067.0
2024-04-19,09:35:18,ABC,0,170067.0
2024-04-19,09:35:19,ABC,16,170083.0
2024-04-19,09:35:20,ABC,0,170083.0
2024-04-19,09:35:21,ABC,0,170083.0
2024-04-19,09:35:22,ABC,0,170083.0
2024-04-19,09:35:23,ABC,0,170083.0
2024-04-19,09:35:24,ABC,0,170083.0
2024-04-19,09:35:25,ABC,0,170083.0
2024-04-19,09:35:26,ABC,545,170628.0
2024-04-19,09:35:27,ABC,0,170628.0
2024-04-19,09:35:28,ABC,0,170628.0
2024-04-19,09:35:29,ABC,0,170628.0
2024-04-19,09:35:30,ABC,0,170628.0
2024-04-19,09:35:31,ABC,0,170628.0
2024-04-19,09:35:32,ABC,0,170628.0
2024-04-19,09:35:33,ABC,2483,173111.0
2024-04-19,09:35:34,ABC,0,173111.0
2024-04-19,09:35:35,ABC,0,173111.0
2024-04-19,09:35:36,ABC,0,173111.0
2024-04-19,09:35:37,ABC,0,173111.0
2024-04-19,09:35:38,ABC,0,173111.0
2024-04-19,09:35:39,ABC,0,173111.0
2024-04-19,09:35:40,ABC,0,173111.0
2024-04-19,09:35:41,ABC,62,173173.0
2024-04-19,09:35:42,ABC,0,173173.0
2024-04-19,09:35:43,ABC,0,173173.0
2024-04-19,09:35:44,ABC,0,173173.0
2024-04-19,09:35:45,ABC,0,173173.0
2024-04-19,09:35:46,ABC,0,173173.0
2024-04-19,09:35:47,ABC,0,173173.0
2024-04-19,09:35:48,ABC,115,173288.0
2024-04-19,09:35:49,ABC,0,173288.0
2024-04-19,09:35:50,ABC,0,173288.0
2024-04-19,09:35:51,ABC,0,173288.0
2024-04-19,09:35:52,ABC,0,173288.0
2024-04-19,09:35:53,ABC,0,173288.0
2024-04-19,09:35:54,ABC,0,173288.0
2024-04-19,09:35:55,ABC,0,173288.0
2024-04-19,09:35:56,ABC,715,174003.0
2024-04-19,09:35:57,ABC,0,174003.0
2024-04-19,09:35:58,ABC,0,174003.0
2024-04-19,09:35:59,ABC,0,174003.0
2024-04-19,09:36:00,ABC,0,174003.0
2024-04-19,09:36:01,ABC,0,174003.0
2024-04-19,09:36:02,ABC,0,174003.0
2024-04-19,09:36:03,ABC,0,174003.0
2024-04-19,09:36:04,ABC,3977,177980.0
2024-04-19,09:36:05,ABC,0,177980.0
2024-04-19,09:36:06,ABC,0,177980.0
2024-04-19,09:36:07,ABC,0,177980.0
2024-04-19,09:36:08,ABC,0,177980.0
2024-04-19,09:36:09,ABC,0,177980.0
2024-04-19,09:36:10,ABC,0,177980.0
2024-04-19,09:36:11,ABC,105,178085.0
2024-04-19,09:36:12,ABC,0,178085.0
2024-04-19,09:36:13,ABC,0,178085.0
2024-04-19,09:36:14,ABC,0,178085.0
2024-04-19,09:36:15,ABC,0,178085.0
2024-04-19,09:36:16,ABC,0,178085.0
2024-04-19,09:36:17,ABC,0,178085.0
2024-04-19,09:36:18,ABC,125,178210.0
2024-04-19,09:36:19,ABC,0,178210.0
2024-04-19,09:36:20,ABC,0,178210.0
2024-04-19,09:36:21,ABC,0,178210.0
2024-04-19,09:36:22,ABC,0,178210.0
2024-04-19,09:36:23,ABC,0,178210.0
2024-04-19,09:36:24,ABC,0,178210.0
2024-04-19,09:36:25,ABC,0,178210.0
2024-04-19,09:36:26,ABC,10,178220.0
2024-04-19,09:36:27,ABC,0,178220.0
2024-04-19,09:36:28,ABC,0,178220.0
2024-04-19,09:36:29,ABC,0,178220.0
2024-04-19,09:36:30,ABC,0,178220.0
2024-04-19,09:36:31,ABC,0,178220.0
2024-04-19,09:36:32,ABC,0,178220.0
2024-04-19,09:36:33,ABC,42,178262.0
2024-04-19,09:36:34,ABC,0,178262.0
2024-04-19,09:36:35,ABC,0,178262.0
2024-04-19,09:36:36,ABC,0,178262.0
2024-04-19,09:36:37,ABC,0,178262.0
2024-04-19,09:36:38,ABC,0,178262.0
2024-04-19,09:36:39,ABC,0,178262.0
2024-04-19,09:36:40,ABC,0,178262.0
2024-04-19,09:36:41,ABC,50,178312.0
2024-04-19,09:36:42,ABC,0,178312.0
2024-04-19,09:36:43,ABC,0,178312.0
2024-04-19,09:36:44,ABC,0,178312.0
2024-04-19,09:36:45,ABC,0,178312.0
2024-04-19,09:36:46,ABC,0,178312.0
2024-04-19,09:36:47,ABC,0,178312.0
2024-04-19,09:36:48,ABC,96,178408.0
2024-04-19,09:36:49,ABC,0,178408.0
2024-04-19,09:36:50,ABC,0,178408.0
2024-04-19,09:36:51,ABC,0,178408.0
2024-04-19,09:36:52,ABC,0,178408.0
2024-04-19,09:36:53,ABC,0,178408.0
2024-04-19,09:36:54,ABC,0,178408.0
2024-04-19,09:36:55,ABC,0,178408.0
2024-04-19,09:36:56,ABC,125,178533.0
2024-04-19,09:36:57,ABC,0,178533.0
2024-04-19,09:36:58,ABC,0,178533.0
2024-04-19,09:36:59,ABC,0,178533.0
2024-04-19,09:37:00,ABC,0,178533.0
2024-04-19,09:37:01,ABC,0,178533.0
2024-04-19,09:37:02,ABC,0,178533.0
2024-04-19,09:37:03,ABC,50,178583.0
2024-04-19,09:37:04,ABC,0,178583.0
2024-04-19,09:37:05,ABC,0,178583.0
2024-04-19,09:37:06,ABC,0,178583.0
2024-04-19,09:37:07,ABC,0,178583.0
2024-04-19,09:37:08,ABC,0,178583.0
2024-04-19,09:37:09,ABC,0,178583.0
2024-04-19,09:37:10,ABC,70,178653.0
2024-04-19,09:37:11,ABC,0,178653.0
2024-04-19,09:37:12,ABC,0,178653.0
2024-04-19,09:37:13,ABC,0,178653.0
2024-04-19,09:37:14,ABC,0,178653.0
2024-04-19,09:37:15,ABC,0,178653.0
2024-04-19,09:37:16,ABC,0,178653.0
2024-04-19,09:37:17,ABC,170,178823.0
2024-04-19,09:37:18,ABC,0,178823.0
2024-04-19,09:37:19,ABC,0,178823.0
2024-04-19,09:37:20,ABC,0,178823.0
2024-04-19,09:37:21,ABC,0,178823.0
2024-04-19,09:37:22,ABC,0,178823.0
2024-04-19,09:37:23,ABC,0,178823.0
2024-04-19,09:37:24,ABC,0,178823.0
2024-04-19,09:37:25,ABC,38,178861.0
2024-04-19,09:37:26,ABC,0,178861.0
2024-04-19,09:37:27,ABC,0,178861.0
2024-04-19,09:37:28,ABC,0,178861.0
2024-04-19,09:37:29,ABC,0,178861.0
2024-04-19,09:37:30,ABC,0,178861.0
2024-04-19,09:37:31,ABC,0,178861.0
2024-04-19,09:37:32,ABC,14,178875.0
2024-04-19,09:37:33,ABC,0,178875.0
2024-04-19,09:37:34,ABC,0,178875.0
2024-04-19,09:37:35,ABC,0,178875.0
2024-04-19,09:37:36,ABC,0,178875.0
2024-04-19,09:37:37,ABC,0,178875.0
2024-04-19,09:37:38,ABC,0,178875.0
2024-04-19,09:37:39,ABC,0,178875.0
2024-04-19,09:37:40,ABC,0,178875.0
2024-04-19,09:37:41,ABC,0,178875.0
2024-04-19,09:37:42,ABC,0,178875.0
2024-04-19,09:37:43,ABC,0,178875.0
2024-04-19,09:37:44,ABC,0,178875.0
2024-04-19,09:37:45,ABC,0,178875.0
2024-04-19,09:37:46,ABC,0,178875.0
2024-04-19,09:37:47,ABC,67,178942.0
2024-04-19,09:37:48,ABC,0,178942.0
2024-04-19,09:37:49,ABC,0,178942.0
2024-04-19,09:37:50,ABC,0,178942.0
2024-04-19,09:37:51,ABC,0,178942.0
2024-04-19,09:37:52,ABC,0,178942.0
2024-04-19,09:37:53,ABC,0,178942.0
2024-04-19,09:37:54,ABC,0,178942.0
2024-04-19,09:37:55,ABC,750,179692.0
2024-04-19,09:37:56,ABC,0,179692.0
2024-04-19,09:37:57,ABC,0,179692.0
2024-04-19,09:37:58,ABC,0,179692.0
2024-04-19,09:37:59,ABC,0,179692.0
2024-04-19,09:38:00,ABC,0,179692.0
2024-04-19,09:38:01,ABC,0,179692.0
2024-04-19,09:38:02,ABC,25,179717.0
2024-04-19,09:38:03,ABC,0,179717.0
2024-04-19,09:38:04,ABC,0,179717.0
2024-04-19,09:38:05,ABC,0,179717.0
2024-04-19,09:38:06,ABC,0,179717.0
2024-04-19,09:38:07,ABC,0,179717.0
2024-04-19,09:38:08,ABC,0,179717.0
2024-04-19,09:38:09,ABC,0,179717.0
2024-04-19,09:38:10,ABC,16,179733.0
2024-04-19,09:38:11,ABC,0,179733.0
2024-04-19,09:38:12,ABC,0,179733.0
2024-04-19,09:38:13,ABC,0,179733.0
2024-04-19,09:38:14,ABC,0,179733.0
2024-04-19,09:38:15,ABC,0,179733.0
2024-04-19,09:38:16,ABC,0,179733.0
2024-04-19,09:38:17,ABC,221,179954.0
2024-04-19,09:38:18,ABC,0,179954.0
2024-04-19,09:38:19,ABC,0,179954.0
2024-04-19,09:38:20,ABC,0,179954.0
2024-04-19,09:38:21,ABC,0,179954.0
2024-04-19,09:38:22,ABC,0,179954.0
2024-04-19,09:38:23,ABC,0,179954.0
2024-04-19,09:38:24,ABC,0,179954.0
2024-04-19,09:38:25,ABC,150,180104.0
2024-04-19,09:38:26,ABC,0,180104.0
2024-04-19,09:38:27,ABC,0,180104.0
2024-04-19,09:38:28,ABC,0,180104.0
2024-04-19,09:38:29,ABC,0,180104.0
2024-04-19,09:38:30,ABC,0,180104.0
2024-04-19,09:38:31,ABC,0,180104.0
2024-04-19,09:38:32,ABC,84,180188.0
2024-04-19,09:38:33,ABC,0,180188.0
2024-04-19,09:38:34,ABC,0,180188.0
2024-04-19,09:38:35,ABC,0,180188.0
2024-04-19,09:38:36,ABC,0,180188.0
2024-04-19,09:38:37,ABC,0,180188.0
2024-04-19,09:38:38,ABC,0,180188.0
2024-04-19,09:38:39,ABC,0,180188.0
2024-04-19,09:38:40,ABC,164,180352.0
2024-04-19,09:38:41,ABC,0,180352.0
2024-04-19,09:38:42,ABC,0,180352.0
2024-04-19,09:38:43,ABC,0,180352.0
2024-04-19,09:38:44,ABC,0,180352.0
2024-04-19,09:38:45,ABC,0,180352.0
2024-04-19,09:38:46,ABC,0,180352.0
2024-04-19,09:38:47,ABC,5,180357.0
2024-04-19,09:38:48,ABC,0,180357.0
2024-04-19,09:38:49,ABC,0,180357.0
2024-04-19,09:38:50,ABC,0,180357.0
2024-04-19,09:38:51,ABC,0,180357.0
2024-04-19,09:38:52,ABC,0,180357.0
2024-04-19,09:38:53,ABC,0,180357.0
2024-04-19,09:38:54,ABC,4017,184374.0
2024-04-19,09:38:55,ABC,0,184374.0
2024-04-19,09:38:56,ABC,0,184374.0
2024-04-19,09:38:57,ABC,0,184374.0
2024-04-19,09:38:58,ABC,0,184374.0
2024-04-19,09:38:59,ABC,0,184374.0
2024-04-19,09:39:00,ABC,0,184374.0
2024-04-19,09:39:01,ABC,0,184374.0
2024-04-19,09:39:02,ABC,125,184499.0
2024-04-19,09:39:03,ABC,0,184499.0
2024-04-19,09:39:04,ABC,0,184499.0
2024-04-19,09:39:05,ABC,0,184499.0
2024-04-19,09:39:06,ABC,0,184499.0
2024-04-19,09:39:07,ABC,0,184499.0
2024-04-19,09:39:08,ABC,0,184499.0
2024-04-19,09:39:09,ABC,853,185352.0
2024-04-19,09:39:10,ABC,0,185352.0
2024-04-19,09:39:11,ABC,0,185352.0
2024-04-19,09:39:12,ABC,0,185352.0
2024-04-19,09:39:13,ABC,0,185352.0
2024-04-19,09:39:14,ABC,0,185352.0
2024-04-19,09:39:15,ABC,0,185352.0
2024-04-19,09:39:16,ABC,1873,187225.0
2024-04-19,09:39:17,ABC,0,187225.0
2024-04-19,09:39:18,ABC,0,187225.0
2024-04-19,09:39:19,ABC,0,187225.0
2024-04-19,09:39:20,ABC,0,187225.0
2024-04-19,09:39:21,ABC,0,187225.0
2024-04-19,09:39:22,ABC,0,187225.0
2024-04-19,09:39:23,ABC,500,187725.0
2024-04-19,09:39:24,ABC,0,187725.0
2024-04-19,09:39:25,ABC,0,187725.0
2024-04-19,09:39:26,ABC,0,187725.0
2024-04-19,09:39:27,ABC,0,187725.0
2024-04-19,09:39:28,ABC,0,187725.0
2024-04-19,09:39:29,ABC,0,187725.0
2024-04-19,09:39:30,ABC,0,187725.0
2024-04-19,09:39:31,ABC,19,187744.0
2024-04-19,09:39:32,ABC,0,187744.0
2024-04-19,09:39:33,ABC,0,187744.0
2024-04-19,09:39:34,ABC,0,187744.0
2024-04-19,09:39:35,ABC,0,187744.0
2024-04-19,09:39:36,ABC,0,187744.0
2024-04-19,09:39:37,ABC,0,187744.0
2024-04-19,09:39:38,ABC,100,187844.0
2024-04-19,09:39:39,ABC,0,187844.0
2024-04-19,09:39:40,ABC,0,187844.0
2024-04-19,09:39:41,ABC,0,187844.0
2024-04-19,09:39:42,ABC,0,187844.0
2024-04-19,09:39:43,ABC,0,187844.0
2024-04-19,09:39:44,ABC,0,187844.0
2024-04-19,09:39:45,ABC,10,187854.0
2024-04-19,09:39:46,ABC,0,187854.0
2024-04-19,09:39:47,ABC,0,187854.0
2024-04-19,09:39:48,ABC,0,187854.0
2024-04-19,09:39:49,ABC,0,187854.0
2024-04-19,09:39:50,ABC,0,187854.0
2024-04-19,09:39:51,ABC,0,187854.0
2024-04-19,09:39:52,ABC,1276,189130.0
2024-04-19,09:39:53,ABC,0,189130.0
2024-04-19,09:39:54,ABC,0,189130.0
2024-04-19,09:39:55,ABC,0,189130.0
2024-04-19,09:39:56,ABC,0,189130.0
2024-04-19,09:39:57,ABC,0,189130.0
2024-04-19,09:39:58,ABC,0,189130.0
2024-04-19,09:39:59,ABC,396,189526.0
2024-04-19,09:40:00,ABC,0,189526.0
2024-04-19,09:40:01,ABC,0,189526.0
2024-04-19,09:40:02,ABC,0,189526.0
2024-04-19,09:40:03,ABC,0,189526.0
2024-04-19,09:40:04,ABC,0,189526.0
2024-04-19,09:40:05,ABC,0,189526.0
2024-04-19,09:40:06,ABC,178,189704.0
2024-04-19,09:40:07,ABC,0,189704.0
2024-04-19,09:40:08,ABC,0,189704.0
2024-04-19,09:40:09,ABC,0,189704.0
2024-04-19,09:40:10,ABC,0,189704.0
2024-04-19,09:40:11,ABC,0,189704.0
2024-04-19,09:40:12,ABC,0,189704.0
2024-04-19,09:40:13,ABC,233,189937.0
2024-04-19,09:40:14,ABC,0,189937.0
2024-04-19,09:40:15,ABC,0,189937.0
2024-04-19,09:40:16,ABC,0,189937.0
2024-04-19,09:40:17,ABC,0,189937.0
2024-04-19,09:40:18,ABC,0,189937.0
2024-04-19,09:40:19,ABC,0,189937.0
2024-04-19,09:40:20,ABC,0,189937.0
2024-04-19,09:40:21,ABC,240,190177.0
2024-04-19,09:40:22,ABC,0,190177.0
2024-04-19,09:40:23,ABC,0,190177.0
2024-04-19,09:40:24,ABC,0,190177.0
2024-04-19,09:40:25,ABC,0,190177.0
2024-04-19,09:40:26,ABC,0,190177.0
2024-04-19,09:40:27,ABC,0,190177.0
2024-04-19,09:40:28,ABC,75,190252.0
2024-04-19,09:40:29,ABC,0,190252.0
2024-04-19,09:40:30,ABC,0,190252.0
2024-04-19,09:40:31,ABC,0,190252.0
2024-04-19,09:40:32,ABC,0,190252.0
2024-04-19,09:40:33,ABC,0,190252.0
2024-04-19,09:40:34,ABC,0,190252.0
2024-04-19,09:40:35,ABC,708,190960.0
2024-04-19,09:40:36,ABC,0,190960.0
2024-04-19,09:40:37,ABC,0,190960.0
2024-04-19,09:40:38,ABC,0,190960.0
2024-04-19,09:40:39,ABC,0,190960.0
2024-04-19,09:40:40,ABC,0,190960.0
2024-04-19,09:40:41,ABC,0,190960.0
2024-04-19,09:40:42,ABC,0,190960.0
2024-04-19,09:40:43,ABC,1644,192604.0
2024-04-19,09:40:44,ABC,0,192604.0
2024-04-19,09:40:45,ABC,0,192604.0
2024-04-19,09:40:46,ABC,0,192604.0
2024-04-19,09:40:47,ABC,0,192604.0
2024-04-19,09:40:48,ABC,0,192604.0
2024-04-19,09:40:49,ABC,0,192604.0
2024-04-19,09:40:50,ABC,748,193352.0
2024-04-19,09:40:51,ABC,0,193352.0
2024-04-19,09:40:52,ABC,0,193352.0
2024-04-19,09:40:53,ABC,0,193352.0
2024-04-19,09:40:54,ABC,0,193352.0
2024-04-19,09:40:55,ABC,0,193352.0
2024-04-19,09:40:56,ABC,0,193352.0
2024-04-19,09:40:57,ABC,605,193957.0
2024-04-19,09:40:58,ABC,0,193957.0
2024-04-19,09:40:59,ABC,0,193957.0
2024-04-19,09:41:00,ABC,0,193957.0
2024-04-19,09:41:01,ABC,0,193957.0
2024-04-19,09:41:02,ABC,0,193957.0
2024-04-19,09:41:03,ABC,0,193957.0
2024-04-19,09:41:04,ABC,274,194231.0
2024-04-19,09:41:05,ABC,0,194231.0
2024-04-19,09:41:06,ABC,0,194231.0
2024-04-19,09:41:07,ABC,0,194231.0
2024-04-19,09:41:08,ABC,0,194231.0
2024-04-19,09:41:09,ABC,0,194231.0
2024-04-19,09:41:10,ABC,0,194231.0
2024-04-19,09:41:11,ABC,0,194231.0
2024-04-19,09:41:12,ABC,300,194531.0
2024-04-19,09:41:13,ABC,0,194531.0
2024-04-19,09:41:14,ABC,0,194531.0
2024-04-19,09:41:15,ABC,0,194531.0
2024-04-19,09:41:16,ABC,0,194531.0
2024-04-19,09:41:17,ABC,0,194531.0
2024-04-19,09:41:18,ABC,0,194531.0
2024-04-19,09:41:19,ABC,538,195069.0
2024-04-19,09:41:20,ABC,0,195069.0
2024-04-19,09:41:21,ABC,0,195069.0
2024-04-19,09:41:22,ABC,0,195069.0
2024-04-19,09:41:23,ABC,0,195069.0
2024-04-19,09:41:24,ABC,0,195069.0
2024-04-19,09:41:25,ABC,0,195069.0
2024-04-19,09:41:26,ABC,150,195219.0
2024-04-19,09:41:27,ABC,0,195219.0
2024-04-19,09:41:28,ABC,0,195219.0
2024-04-19,09:41:29,ABC,0,195219.0
2024-04-19,09:41:30,ABC,0,195219.0
2024-04-19,09:41:31,ABC,0,195219.0
2024-04-19,09:41:32,ABC,0,195219.0
2024-04-19,09:41:33,ABC,0,195219.0
2024-04-19,09:41:34,ABC,105,195324.0
2024-04-19,09:41:35,ABC,0,195324.0
2024-04-19,09:41:36,ABC,0,195324.0
2024-04-19,09:41:37,ABC,0,195324.0
2024-04-19,09:41:38,ABC,0,195324.0
2024-04-19,09:41:39,ABC,0,195324.0
2024-04-19,09:41:40,ABC,0,195324.0
2024-04-19,09:41:41,ABC,0,195324.0
2024-04-19,09:41:42,ABC,0,195324.0
2024-04-19,09:41:43,ABC,0,195324.0
2024-04-19,09:41:44,ABC,0,195324.0
2024-04-19,09:41:45,ABC,0,195324.0
2024-04-19,09:41:46,ABC,0,195324.0
2024-04-19,09:41:47,ABC,0,195324.0
2024-04-19,09:41:48,ABC,101,195425.0
2024-04-19,09:41:49,ABC,0,195425.0
2024-04-19,09:41:50,ABC,0,195425.0
2024-04-19,09:41:51,ABC,0,195425.0
2024-04-19,09:41:52,ABC,0,195425.0
2024-04-19,09:41:53,ABC,0,195425.0
2024-04-19,09:41:54,ABC,0,195425.0
2024-04-19,09:41:55,ABC,0,195425.0
2024-04-19,09:41:56,ABC,30,195455.0
2024-04-19,09:41:57,ABC,0,195455.0
2024-04-19,09:41:58,ABC,0,195455.0
2024-04-19,09:41:59,ABC,0,195455.0
2024-04-19,09:42:00,ABC,0,195455.0
2024-04-19,09:42:01,ABC,0,195455.0
2024-04-19,09:42:02,ABC,0,195455.0
2024-04-19,09:42:03,ABC,25,195480.0
2024-04-19,09:42:04,ABC,0,195480.0
2024-04-19,09:42:05,ABC,0,195480.0
2024-04-19,09:42:06,ABC,0,195480.0
2024-04-19,09:42:07,ABC,0,195480.0
2024-04-19,09:42:08,ABC,0,195480.0
2024-04-19,09:42:09,ABC,0,195480.0
2024-04-19,09:42:10,ABC,137,195617.0
2024-04-19,09:42:11,ABC,0,195617.0
2024-04-19,09:42:12,ABC,0,195617.0
2024-04-19,09:42:13,ABC,0,195617.0
2024-04-19,09:42:14,ABC,0,195617.0
2024-04-19,09:42:15,ABC,0,195617.0
2024-04-19,09:42:16,ABC,0,195617.0
2024-04-19,09:42:17,ABC,1002,196619.0
2024-04-19,09:42:18,ABC,0,196619.0
2024-04-19,09:42:19,ABC,0,196619.0
2024-04-19,09:42:20,ABC,0,196619.0
2024-04-19,09:42:21,ABC,0,196619.0
2024-04-19,09:42:22,ABC,0,196619.0
2024-04-19,09:42:23,ABC,0,196619.0
2024-04-19,09:42:24,ABC,775,197394.0
2024-04-19,09:42:25,ABC,0,197394.0
2024-04-19,09:42:26,ABC,0,197394.0
2024-04-19,09:42:27,ABC,0,197394.0
2024-04-19,09:42:28,ABC,0,197394.0
2024-04-19,09:42:29,ABC,0,197394.0
2024-04-19,09:42:30,ABC,0,197394.0
2024-04-19,09:42:31,ABC,0,197394.0
2024-04-19,09:42:32,ABC,65,197459.0
2024-04-19,09:42:33,ABC,0,197459.0
2024-04-19,09:42:34,ABC,0,197459.0
2024-04-19,09:42:35,ABC,0,197459.0
2024-04-19,09:42:36,ABC,0,197459.0
2024-04-19,09:42:37,ABC,0,197459.0
2024-04-19,09:42:38,ABC,0,197459.0
2024-04-19,09:42:39,ABC,80,197539.0
2024-04-19,09:42:40,ABC,0,197539.0
2024-04-19,09:42:41,ABC,0,197539.0
2024-04-19,09:42:42,ABC,0,197539.0
2024-04-19,09:42:43,ABC,0,197539.0
2024-04-19,09:42:44,ABC,0,197539.0
2024-04-19,09:42:45,ABC,0,197539.0
2024-04-19,09:42:46,ABC,74,197613.0
2024-04-19,09:42:47,ABC,0,197613.0
2024-04-19,09:42:48,ABC,0,197613.0
2024-04-19,09:42:49,ABC,0,197613.0
2024-04-19,09:42:50,ABC,0,197613.0
2024-04-19,09:42:51,ABC,0,197613.0
2024-04-19,09:42:52,ABC,0,197613.0
2024-04-19,09:42:53,ABC,0,197613.0
2024-04-19,09:42:54,ABC,0,197613.0
2024-04-19,09:42:55,ABC,0,197613.0
2024-04-19,09:42:56,ABC,0,197613.0
2024-04-19,09:42:57,ABC,0,197613.0
2024-04-19,09:42:58,ABC,0,197613.0
2024-04-19,09:42:59,ABC,0,197613.0
2024-04-19,09:43:00,ABC,225,197838.0
2024-04-19,09:43:01,ABC,0,197838.0
2024-04-19,09:43:02,ABC,0,197838.0
2024-04-19,09:43:03,ABC,0,197838.0
2024-04-19,09:43:04,ABC,0,197838.0
2024-04-19,09:43:05,ABC,0,197838.0
2024-04-19,09:43:06,ABC,0,197838.0
2024-04-19,09:43:07,ABC,304,198142.0
2024-04-19,09:43:08,ABC,0,198142.0
2024-04-19,09:43:09,ABC,0,198142.0
2024-04-19,09:43:10,ABC,0,198142.0
2024-04-19,09:43:11,ABC,0,198142.0
2024-04-19,09:43:12,ABC,0,198142.0
2024-04-19,09:43:13,ABC,0,198142.0
2024-04-19,09:43:14,ABC,47,198189.0
2024-04-19,09:43:15,ABC,0,198189.0
2024-04-19,09:43:16,ABC,0,198189.0
2024-04-19,09:43:17,ABC,0,198189.0
2024-04-19,09:43:18,ABC,0,198189.0
2024-04-19,09:43:19,ABC,0,198189.0
2024-04-19,09:43:20,ABC,0,198189.0
2024-04-19,09:43:21,ABC,2961,201150.0
2024-04-19,09:43:22,ABC,0,201150.0
2024-04-19,09:43:23,ABC,0,201150.0
2024-04-19,09:43:24,ABC,0,201150.0
2024-04-19,09:43:25,ABC,0,201150.0
2024-04-19,09:43:26,ABC,0,201150.0
2024-04-19,09:43:27,ABC,0,201150.0
2024-04-19,09:43:28,ABC,0,201150.0
2024-04-19,09:43:29,ABC,261,201411.0
2024-04-19,09:43:30,ABC,0,201411.0
2024-04-19,09:43:31,ABC,0,201411.0
2024-04-19,09:43:32,ABC,0,201411.0
2024-04-19,09:43:33,ABC,0,201411.0
2024-04-19,09:43:34,ABC,0,201411.0
2024-04-19,09:43:35,ABC,0,201411.0
2024-04-19,09:43:36,ABC,30,201441.0
2024-04-19,09:43:37,ABC,0,201441.0
2024-04-19,09:43:38,ABC,0,201441.0
2024-04-19,09:43:39,ABC,0,201441.0
2024-04-19,09:43:40,ABC,0,201441.0
2024-04-19,09:43:41,ABC,0,201441.0
2024-04-19,09:43:42,ABC,0,201441.0
2024-04-19,09:43:43,ABC,0,201441.0
2024-04-19,09:43:44,ABC,5,201446.0
2024-04-19,09:43:45,ABC,0,201446.0
2024-04-19,09:43:46,ABC,0,201446.0
2024-04-19,09:43:47,ABC,0,201446.0
2024-04-19,09:43:48,ABC,0,201446.0
2024-04-19,09:43:49,ABC,0,201446.0
2024-04-19,09:43:50,ABC,0,201446.0
2024-04-19,09:43:51,ABC,12,201458.0
2024-04-19,09:43:52,ABC,0,201458.0
2024-04-19,09:43:53,ABC,0,201458.0
2024-04-19,09:43:54,ABC,0,201458.0
2024-04-19,09:43:55,ABC,0,201458.0
2024-04-19,09:43:56,ABC,0,201458.0
2024-04-19,09:43:57,ABC,0,201458.0
2024-04-19,09:43:58,ABC,0,201458.0
2024-04-19,09:43:59,ABC,0,201458.0
2024-04-19,09:44:00,ABC,0,201458.0
2024-04-19,09:44:01,ABC,0,201458.0
2024-04-19,09:44:02,ABC,0,201458.0
2024-04-19,09:44:03,ABC,0,201458.0
2024-04-19,09:44:04,ABC,0,201458.0
2024-04-19,09:44:05,ABC,2,201460.0
2024-04-19,09:44:06,ABC,0,201460.0
2024-04-19,09:44:07,ABC,0,201460.0
2024-04-19,09:44:08,ABC,0,201460.0
2024-04-19,09:44:09,ABC,0,201460.0
2024-04-19,09:44:10,ABC,0,201460.0
2024-04-19,09:44:11,ABC,0,201460.0
2024-04-19,09:44:12,ABC,26,201486.0
2024-04-19,09:44:13,ABC,0,201486.0
2024-04-19,09:44:14,ABC,0,201486.0
2024-04-19,09:44:15,ABC,0,201486.0
2024-04-19,09:44:16,ABC,0,201486.0
2024-04-19,09:44:17,ABC,0,201486.0
2024-04-19,09:44:18,ABC,0,201486.0
2024-04-19,09:44:19,ABC,0,201486.0
2024-04-19,09:44:20,ABC,135,201621.0
2024-04-19,09:44:21,ABC,0,201621.0
2024-04-19,09:44:22,ABC,0,201621.0
2024-04-19,09:44:23,ABC,0,201621.0
2024-04-19,09:44:24,ABC,0,201621.0
2024-04-19,09:44:25,ABC,0,201621.0
2024-04-19,09:44:26,ABC,0,201621.0
2024-04-19,09:44:27,ABC,0,201621.0
2024-04-19,09:44:28,ABC,0,201621.0
2024-04-19,09:44:29,ABC,0,201621.0
2024-04-19,09:44:30,ABC,0,201621.0
2024-04-19,09:44:31,ABC,0,201621.0
2024-04-19,09:44:32,ABC,0,201621.0
2024-04-19,09:44:33,ABC,0,201621.0
2024-04-19,09:44:34,ABC,0,201621.0
2024-04-19,09:44:35,ABC,55,201676.0
2024-04-19,09:44:36,ABC,0,201676.0
2024-04-19,09:44:37,ABC,0,201676.0
2024-04-19,09:44:38,ABC,0,201676.0
2024-04-19,09:44:39,ABC,0,201676.0
2024-04-19,09:44:40,ABC,0,201676.0
2024-04-19,09:44:41,ABC,0,201676.0
2024-04-19,09:44:42,ABC,26,201702.0
2024-04-19,09:44:43,ABC,0,201702.0
2024-04-19,09:44:44,ABC,0,201702.0
2024-04-19,09:44:45,ABC,0,201702.0
2024-04-19,09:44:46,ABC,0,201702.0
2024-04-19,09:44:47,ABC,0,201702.0
2024-04-19,09:44:48,ABC,0,201702.0
2024-04-19,09:44:49,ABC,78,201780.0
2024-04-19,09:44:50,ABC,0,201780.0
2024-04-19,09:44:51,ABC,0,201780.0
2024-04-19,09:44:52,ABC,0,201780.0
2024-04-19,09:44:53,ABC,0,201780.0
2024-04-19,09:44:54,ABC,0,201780.0
2024-04-19,09:44:55,ABC,0,201780.0
2024-04-19,09:44:56,ABC,641,202421.0
2024-04-19,09:44:57,ABC,0,202421.0
2024-04-19,09:44:58,ABC,0,202421.0
2024-04-19,09:44:59,ABC,0,202421.0
2024-04-19,09:45:00,ABC,0,202421.0
2024-04-19,09:45:01,ABC,0,202421.0
2024-04-19,09:45:02,ABC,0,202421.0
2024-04-19,09:45:03,ABC,0,202421.0
2024-04-19,09:45:04,ABC,0,202421.0
2024-04-19,09:45:05,ABC,0,202421.0
2024-04-19,09:45:06,ABC,0,202421.0
2024-04-19,09:45:07,ABC,0,202421.0
2024-04-19,09:45:08,ABC,0,202421.0
2024-04-19,09:45:09,ABC,0,202421.0
2024-04-19,09:45:10,ABC,0,202421.0
2024-04-19,09:45:11,ABC,0,202421.0
2024-04-19,09:45:12,ABC,0,202421.0
2024-04-19,09:45:13,ABC,0,202421.0
2024-04-19,09:45:14,ABC,0,202421.0
2024-04-19,09:45:15,ABC,0,202421.0
2024-04-19,09:45:16,ABC,42,202463.0
2024-04-19,09:45:17,ABC,0,202463.0
2024-04-19,09:45:18,ABC,0,202463.0
2024-04-19,09:45:19,ABC,0,202463.0
2024-04-19,09:45:20,ABC,0,202463.0
2024-04-19,09:45:21,ABC,0,202463.0
2024-04-19,09:45:22,ABC,0,202463.0
2024-04-19,09:45:23,ABC,151,202614.0
2024-04-19,09:45:24,ABC,0,202614.0
2024-04-19,09:45:25,ABC,0,202614.0
2024-04-19,09:45:26,ABC,0,202614.0
2024-04-19,09:45:27,ABC,0,202614.0
2024-04-19,09:45:28,ABC,0,202614.0
2024-04-19,09:45:29,ABC,0,202614.0
2024-04-19,09:45:30,ABC,0,202614.0
2024-04-19,09:45:31,ABC,0,202614.0
2024-04-19,09:45:32,ABC,0,202614.0
2024-04-19,09:45:33,ABC,0,202614.0
2024-04-19,09:45:34,ABC,0,202614.0
2024-04-19,09:45:35,ABC,0,202614.0
2024-04-19,09:45:36,ABC,0,202614.0
2024-04-19,09:45:37,ABC,0,202614.0
2024-04-19,09:45:38,ABC,0,202614.0
2024-04-19,09:45:39,ABC,0,202614.0
2024-04-19,09:45:40,ABC,0,202614.0
2024-04-19,09:45:41,ABC,0,202614.0
2024-04-19,09:45:42,ABC,0,202614.0
2024-04-19,09:45:43,ABC,0,202614.0
2024-04-19,09:45:44,ABC,0,202614.0
2024-04-19,09:45:45,ABC,10,202624.0
2024-04-19,09:45:46,ABC,0,202624.0
2024-04-19,09:45:47,ABC,0,202624.0
2024-04-19,09:45:48,ABC,0,202624.0
2024-04-19,09:45:49,ABC,0,202624.0
2024-04-19,09:45:50,ABC,0,202624.0
2024-04-19,09:45:51,ABC,0,202624.0
2024-04-19,09:45:52,ABC,327,202951.0
2024-04-19,09:45:53,ABC,0,202951.0
2024-04-19,09:45:54,ABC,0,202951.0
2024-04-19,09:45:55,ABC,0,202951.0
2024-04-19,09:45:56,ABC,0,202951.0
2024-04-19,09:45:57,ABC,0,202951.0
2024-04-19,09:45:58,ABC,0,202951.0
2024-04-19,09:45:59,ABC,0,202951.0
2024-04-19,09:46:00,ABC,0,202951.0
2024-04-19,09:46:01,ABC,0,202951.0
2024-04-19,09:46:02,ABC,0,202951.0
2024-04-19,09:46:03,ABC,0,202951.0
2024-04-19,09:46:04,ABC,0,202951.0
2024-04-19,09:46:05,ABC,0,202951.0
2024-04-19,09:46:06,ABC,116,203067.0
2024-04-19,09:46:07,ABC,0,203067.0
2024-04-19,09:46:08,ABC,0,203067.0
2024-04-19,09:46:09,ABC,0,203067.0
2024-04-19,09:46:10,ABC,0,203067.0
2024-04-19,09:46:11,ABC,0,203067.0
2024-04-19,09:46:12,ABC,0,203067.0
2024-04-19,09:46:13,ABC,472,203539.0
2024-04-19,09:46:14,ABC,0,203539.0
2024-04-19,09:46:15,ABC,0,203539.0
2024-04-19,09:46:16,ABC,0,203539.0
2024-04-19,09:46:17,ABC,0,203539.0
2024-04-19,09:46:18,ABC,0,203539.0
2024-04-19,09:46:19,ABC,0,203539.0
2024-04-19,09:46:20,ABC,0,203539.0
2024-04-19,09:46:21,ABC,0,203539.0
2024-04-19,09:46:22,ABC,0,203539.0
2024-04-19,09:46:23,ABC,0,203539.0
2024-04-19,09:46:24,ABC,0,203539.0
2024-04-19,09:46:25,ABC,0,203539.0
2024-04-19,09:46:26,ABC,0,203539.0
2024-04-19,09:46:27,ABC,58,203597.0
2024-04-19,09:46:28,ABC,0,203597.0
2024-04-19,09:46:29,ABC,0,203597.0
2024-04-19,09:46:30,ABC,0,203597.0
2024-04-19,09:46:31,ABC,0,203597.0
2024-04-19,09:46:32,ABC,0,203597.0
2024-04-19,09:46:33,ABC,15,203612.0
2024-04-19,09:46:34,ABC,0,203612.0
2024-04-19,09:46:35,ABC,0,203612.0
2024-04-19,09:46:36,ABC,0,203612.0
2024-04-19,09:46:37,ABC,0,203612.0
2024-04-19,09:46:38,ABC,0,203612.0
2024-04-19,09:46:39,ABC,0,203612.0
2024-04-19,09:46:40,ABC,25,203637.0
2024-04-19,09:46:41,ABC,0,203637.0
2024-04-19,09:46:42,ABC,0,203637.0
2024-04-19,09:46:43,ABC,0,203637.0
2024-04-19,09:46:44,ABC,0,203637.0
2024-04-19,09:46:45,ABC,0,203637.0
2024-04-19,09:46:46,ABC,0,203637.0
2024-04-19,09:46:47,ABC,0,203637.0
2024-04-19,09:46:48,ABC,0,203637.0
2024-04-19,09:46:49,ABC,0,203637.0
2024-04-19,09:46:50,ABC,0,203637.0
2024-04-19,09:46:51,ABC,0,203637.0
2024-04-19,09:46:52,ABC,0,203637.0
2024-04-19,09:46:53,ABC,0,203637.0
2024-04-19,09:46:54,ABC,2,203639.0
2024-04-19,09:46:55,ABC,0,203639.0
2024-04-19,09:46:56,ABC,0,203639.0
2024-04-19,09:46:57,ABC,0,203639.0
2024-04-19,09:46:58,ABC,0,203639.0
2024-04-19,09:46:59,ABC,0,203639.0
2024-04-19,09:47:00,ABC,0,203639.0
2024-04-19,09:47:01,ABC,11,203650.0
2024-04-19,09:47:02,ABC,0,203650.0
2024-04-19,09:47:03,ABC,0,203650.0
2024-04-19,09:47:04,ABC,0,203650.0
2024-04-19,09:47:05,ABC,0,203650.0
2024-04-19,09:47:06,ABC,0,203650.0
2024-04-19,09:47:07,ABC,0,203650.0
2024-04-19,09:47:08,ABC,50,203700.0
2024-04-19,09:47:09,ABC,0,203700.0
2024-04-19,09:47:10,ABC,0,203700.0
2024-04-19,09:47:11,ABC,0,203700.0
2024-04-19,09:47:12,ABC,0,203700.0
2024-04-19,09:47:13,ABC,0,203700.0
2024-04-19,09:47:14,ABC,0,203700.0
2024-04-19,09:47:15,ABC,1070,204770.0
2024-04-19,09:47:16,ABC,0,204770.0
2024-04-19,09:47:17,ABC,0,204770.0
2024-04-19,09:47:18,ABC,0,204770.0
2024-04-19,09:47:19,ABC,0,204770.0
2024-04-19,09:47:20,ABC,0,204770.0
2024-04-19,09:47:21,ABC,0,204770.0
2024-04-19,09:47:22,ABC,0,204770.0
2024-04-19,09:47:23,ABC,5,204775.0
2024-04-19,09:47:24,ABC,0,204775.0
2024-04-19,09:47:25,ABC,0,204775.0
2024-04-19,09:47:26,ABC,0,204775.0
2024-04-19,09:47:27,ABC,0,204775.0
2024-04-19,09:47:28,ABC,0,204775.0
2024-04-19,09:47:29,ABC,180,204955.0
2024-04-19,09:47:30,ABC,0,204955.0
2024-04-19,09:47:31,ABC,0,204955.0
2024-04-19,09:47:32,ABC,0,204955.0
2024-04-19,09:47:33,ABC,0,204955.0
2024-04-19,09:47:34,ABC,0,204955.0
2024-04-19,09:47:35,ABC,0,204955.0
2024-04-19,09:47:36,ABC,0,204955.0
2024-04-19,09:47:37,ABC,0,204955.0
2024-04-19,09:47:38,ABC,0,204955.0
2024-04-19,09:47:39,ABC,0,204955.0
2024-04-19,09:47:40,ABC,0,204955.0
2024-04-19,09:47:41,ABC,0,204955.0
2024-04-19,09:47:42,ABC,0,204955.0
2024-04-19,09:47:43,ABC,0,204955.0
2024-04-19,09:47:44,ABC,130,205085.0
2024-04-19,09:47:45,ABC,0,205085.0
2024-04-19,09:47:46,ABC,0,205085.0
2024-04-19,09:47:47,ABC,0,205085.0
2024-04-19,09:47:48,ABC,0,205085.0
2024-04-19,09:47:49,ABC,0,205085.0
2024-04-19,09:47:50,ABC,0,205085.0
2024-04-19,09:47:51,ABC,0,205085.0
2024-04-19,09:47:52,ABC,0,205085.0
2024-04-19,09:47:53,ABC,0,205085.0
2024-04-19,09:47:54,ABC,0,205085.0
2024-04-19,09:47:55,ABC,0,205085.0
2024-04-19,09:47:56,ABC,0,205085.0
2024-04-19,09:47:57,ABC,0,205085.0
2024-04-19,09:47:58,ABC,7526,212611.0
2024-04-19,09:47:59,ABC,0,212611.0
2024-04-19,09:48:00,ABC,0,212611.0
2024-04-19,09:48:01,ABC,0,212611.0
2024-04-19,09:48:02,ABC,0,212611.0
2024-04-19,09:48:03,ABC,0,212611.0
2024-04-19,09:48:04,ABC,0,212611.0
2024-04-19,09:48:05,ABC,20,212631.0
2024-04-19,09:48:06,ABC,0,212631.0
2024-04-19,09:48:07,ABC,0,212631.0
2024-04-19,09:48:08,ABC,0,212631.0
2024-04-19,09:48:09,ABC,0,212631.0
2024-04-19,09:48:10,ABC,0,212631.0
2024-04-19,09:48:11,ABC,0,212631.0
2024-04-19,09:48:12,ABC,25,212656.0
2024-04-19,09:48:13,ABC,0,212656.0
2024-04-19,09:48:14,ABC,0,212656.0
2024-04-19,09:48:15,ABC,0,212656.0
2024-04-19,09:48:16,ABC,0,212656.0
2024-04-19,09:48:17,ABC,0,212656.0
2024-04-19,09:48:18,ABC,0,212656.0
2024-04-19,09:48:19,ABC,101,212757.0
2024-04-19,09:48:20,ABC,0,212757.0
2024-04-19,09:48:21,ABC,0,212757.0
2024-04-19,09:48:22,ABC,0,212757.0
2024-04-19,09:48:23,ABC,0,212757.0
2024-04-19,09:48:24,ABC,0,212757.0
2024-04-19,09:48:25,ABC,0,212757.0
2024-04-19,09:48:26,ABC,345,213102.0
2024-04-19,09:48:27,ABC,0,213102.0
2024-04-19,09:48:28,ABC,0,213102.0
2024-04-19,09:48:29,ABC,0,213102.0
2024-04-19,09:48:30,ABC,0,213102.0
2024-04-19,09:48:31,ABC,0,213102.0
2024-04-19,09:48:32,ABC,0,213102.0
2024-04-19,09:48:33,ABC,113,213215.0
2024-04-19,09:48:34,ABC,0,213215.0
2024-04-19,09:48:35,ABC,0,213215.0
2024-04-19,09:48:36,ABC,0,213215.0
2024-04-19,09:48:37,ABC,0,213215.0
2024-04-19,09:48:38,ABC,0,213215.0
2024-04-19,09:48:39,ABC,0,213215.0
2024-04-19,09:48:40,ABC,1,213216.0
2024-04-19,09:48:41,ABC,0,213216.0
2024-04-19,09:48:42,ABC,0,213216.0
2024-04-19,09:48:43,ABC,0,213216.0
2024-04-19,09:48:44,ABC,0,213216.0
2024-04-19,09:48:45,ABC,0,213216.0
2024-04-19,09:48:46,ABC,0,213216.0
2024-04-19,09:48:47,ABC,1,213217.0
2024-04-19,09:48:48,ABC,0,213217.0
2024-04-19,09:48:49,ABC,0,213217.0
2024-04-19,09:48:50,ABC,0,213217.0
2024-04-19,09:48:51,ABC,0,213217.0
2024-04-19,09:48:52,ABC,0,213217.0
2024-04-19,09:48:53,ABC,0,213217.0
2024-04-19,09:48:54,ABC,1277,214494.0
2024-04-19,09:48:55,ABC,0,214494.0
2024-04-19,09:48:56,ABC,0,214494.0
2024-04-19,09:48:57,ABC,0,214494.0
2024-04-19,09:48:58,ABC,0,214494.0
2024-04-19,09:48:59,ABC,0,214494.0
2024-04-19,09:49:00,ABC,0,214494.0
2024-04-19,09:49:01,ABC,30,214524.0
2024-04-19,09:49:02,ABC,0,214524.0
2024-04-19,09:49:03,ABC,0,214524.0
2024-04-19,09:49:04,ABC,0,214524.0
2024-04-19,09:49:05,ABC,0,214524.0
2024-04-19,09:49:06,ABC,0,214524.0
2024-04-19,09:49:07,ABC,0,214524.0
2024-04-19,09:49:08,ABC,0,214524.0
2024-04-19,09:49:09,ABC,0,214524.0
2024-04-19,09:49:10,ABC,0,214524.0
2024-04-19,09:49:11,ABC,0,214524.0
2024-04-19,09:49:12,ABC,0,214524.0
2024-04-19,09:49:13,ABC,0,214524.0
2024-04-19,09:49:14,ABC,0,214524.0
2024-04-19,09:49:15,ABC,115,214639.0
2024-04-19,09:49:16,ABC,0,214639.0
2024-04-19,09:49:17,ABC,0,214639.0
2024-04-19,09:49:18,ABC,0,214639.0
2024-04-19,09:49:19,ABC,0,214639.0
2024-04-19,09:49:20,ABC,0,214639.0
2024-04-19,09:49:21,ABC,0,214639.0
2024-04-19,09:49:22,ABC,5,214644.0
2024-04-19,09:49:23,ABC,0,214644.0
2024-04-19,09:49:24,ABC,0,214644.0
2024-04-19,09:49:25,ABC,0,214644.0
2024-04-19,09:49:26,ABC,0,214644.0
2024-04-19,09:49:27,ABC,0,214644.0
2024-04-19,09:49:28,ABC,251,214895.0
2024-04-19,09:49:29,ABC,0,214895.0
2024-04-19,09:49:30,ABC,0,214895.0
2024-04-19,09:49:31,ABC,0,214895.0
2024-04-19,09:49:32,ABC,0,214895.0
2024-04-19,09:49:33,ABC,0,214895.0
2024-04-19,09:49:34,ABC,48,214943.0
2024-04-19,09:49:35,ABC,0,214943.0
2024-04-19,09:49:36,ABC,0,214943.0
2024-04-19,09:49:37,ABC,0,214943.0
2024-04-19,09:49:38,ABC,0,214943.0
2024-04-19,09:49:39,ABC,0,214943.0
2024-04-19,09:49:40,ABC,0,214943.0
2024-04-19,09:49:41,ABC,70,215013.0
2024-04-19,09:49:42,ABC,0,215013.0
2024-04-19,09:49:43,ABC,0,215013.0
2024-04-19,09:49:44,ABC,0,215013.0
2024-04-19,09:49:45,ABC,0,215013.0
2024-04-19,09:49:46,ABC,0,215013.0
2024-04-19,09:49:47,ABC,0,215013.0
2024-04-19,09:49:48,ABC,10,215023.0
2024-04-19,09:49:49,ABC,0,215023.0
2024-04-19,09:49:50,ABC,0,215023.0
2024-04-19,09:49:51,ABC,0,215023.0
2024-04-19,09:49:52,ABC,0,215023.0
2024-04-19,09:49:53,ABC,0,215023.0
2024-04-19,09:49:54,ABC,0,215023.0
2024-04-19,09:49:55,ABC,337,215360.0
2024-04-19,09:49:56,ABC,0,215360.0
2024-04-19,09:49:57,ABC,0,215360.0
2024-04-19,09:49:58,ABC,0,215360.0
2024-04-19,09:49:59,ABC,0,215360.0
2024-04-19,09:50:00,ABC,0,215360.0
2024-04-19,09:50:01,ABC,0,215360.0
2024-04-19,09:50:02,ABC,6,215366.0
2024-04-19,09:50:03,ABC,0,215366.0
2024-04-19,09:50:04,ABC,0,215366.0
2024-04-19,09:50:05,ABC,0,215366.0
2024-04-19,09:50:06,ABC,0,215366.0
2024-04-19,09:50:07,ABC,0,215366.0
2024-04-19,09:50:08,ABC,0,215366.0
2024-04-19,09:50:09,ABC,11,215377.0
2024-04-19,09:50:10,ABC,0,215377.0
2024-04-19,09:50:11,ABC,0,215377.0
2024-04-19,09:50:12,ABC,0,215377.0
2024-04-19,09:50:13,ABC,0,215377.0
2024-04-19,09:50:14,ABC,0,215377.0
2024-04-19,09:50:15,ABC,0,215377.0
2024-04-19,09:50:16,ABC,9,215386.0
2024-04-19,09:50:17,ABC,0,215386.0
2024-04-19,09:50:18,ABC,0,215386.0
2024-04-19,09:50:19,ABC,0,215386.0
2024-04-19,09:50:20,ABC,0,215386.0
2024-04-19,09:50:21,ABC,0,215386.0
2024-04-19,09:50:22,ABC,0,215386.0
2024-04-19,09:50:23,ABC,0,215386.0
2024-04-19,09:50:24,ABC,0,215386.0
2024-04-19,09:50:25,ABC,0,215386.0
2024-04-19,09:50:26,ABC,0,215386.0
2024-04-19,09:50:27,ABC,0,215386.0
2024-04-19,09:50:28,ABC,0,215386.0
2024-04-19,09:50:29,ABC,26,215412.0
2024-04-19,09:50:30,ABC,0,215412.0
2024-04-19,09:50:31,ABC,0,215412.0
2024-04-19,09:50:32,ABC,0,215412.0
2024-04-19,09:50:33,ABC,0,215412.0
2024-04-19,09:50:34,ABC,0,215412.0
2024-04-19,09:50:35,ABC,0,215412.0
2024-04-19,09:50:36,ABC,0,215412.0
2024-04-19,09:50:37,ABC,0,215412.0
2024-04-19,09:50:38,ABC,0,215412.0
2024-04-19,09:50:39,ABC,0,215412.0
2024-04-19,09:50:40,ABC,0,215412.0
2024-04-19,09:50:41,ABC,0,215412.0
2024-04-19,09:50:42,ABC,7,215419.0
2024-04-19,09:50:43,ABC,0,215419.0
2024-04-19,09:50:44,ABC,0,215419.0
2024-04-19,09:50:45,ABC,0,215419.0
2024-04-19,09:50:46,ABC,0,215419.0
2024-04-19,09:50:47,ABC,0,215419.0
2024-04-19,09:50:48,ABC,1,215420.0
2024-04-19,09:50:49,ABC,0,215420.0
2024-04-19,09:50:50,ABC,0,215420.0
2024-04-19,09:50:51,ABC,0,215420.0
2024-04-19,09:50:52,ABC,0,215420.0
2024-04-19,09:50:53,ABC,0,215420.0
2024-04-19,09:50:54,ABC,0,215420.0
2024-04-19,09:50:55,ABC,0,215420.0
2024-04-19,09:50:56,ABC,0,215420.0
2024-04-19,09:50:57,ABC,0,215420.0
2024-04-19,09:50:58,ABC,0,215420.0
2024-04-19,09:50:59,ABC,0,215420.0
2024-04-19,09:51:00,ABC,0,215420.0
2024-04-19,09:51:01,ABC,0,215420.0
2024-04-19,09:51:02,ABC,0,215420.0
2024-04-19,09:51:03,ABC,0,215420.0
2024-04-19,09:51:04,ABC,0,215420.0
2024-04-19,09:51:05,ABC,0,215420.0
2024-04-19,09:51:06,ABC,0,215420.0
2024-04-19,09:51:07,ABC,0,215420.0
2024-04-19,09:51:08,ABC,0,215420.0
2024-04-19,09:51:09,ABC,0,215420.0
2024-04-19,09:51:10,ABC,0,215420.0
2024-04-19,09:51:11,ABC,0,215420.0
2024-04-19,09:51:12,ABC,0,215420.0
2024-04-19,09:51:13,ABC,0,215420.0
2024-04-19,09:51:14,ABC,0,215420.0
2024-04-19,09:51:15,ABC,0,215420.0
2024-04-19,09:51:16,ABC,0,215420.0
2024-04-19,09:51:17,ABC,0,215420.0
2024-04-19,09:51:18,ABC,0,215420.0
2024-04-19,09:51:19,ABC,0,215420.0
2024-04-19,09:51:20,ABC,0,215420.0
2024-04-19,09:51:21,ABC,0,215420.0
2024-04-19,09:51:22,ABC,0,215420.0
2024-04-19,09:51:23,ABC,0,215420.0
2024-04-19,09:51:24,ABC,0,215420.0
2024-04-19,09:51:25,ABC,0,215420.0
2024-04-19,09:51:26,ABC,0,215420.0
2024-04-19,09:51:27,ABC,0,215420.0
2024-04-19,09:51:28,ABC,0,215420.0
2024-04-19,09:51:29,ABC,1096,216516.0
2024-04-19,09:51:30,ABC,0,216516.0
2024-04-19,09:51:31,ABC,0,216516.0
2024-04-19,09:51:32,ABC,0,216516.0
2024-04-19,09:51:33,ABC,0,216516.0
2024-04-19,09:51:34,ABC,0,216516.0
2024-04-19,09:51:35,ABC,0,216516.0
2024-04-19,09:51:36,ABC,205,216721.0
2024-04-19,09:51:37,ABC,0,216721.0
2024-04-19,09:51:38,ABC,0,216721.0
2024-04-19,09:51:39,ABC,0,216721.0
2024-04-19,09:51:40,ABC,0,216721.0
2024-04-19,09:51:41,ABC,0,216721.0
2024-04-19,09:51:42,ABC,0,216721.0
2024-04-19,09:51:43,ABC,39,216760.0
2024-04-19,09:51:44,ABC,0,216760.0
2024-04-19,09:51:45,ABC,0,216760.0
2024-04-19,09:51:46,ABC,0,216760.0
2024-04-19,09:51:47,ABC,0,216760.0
2024-04-19,09:51:48,ABC,0,216760.0
2024-04-19,09:51:49,ABC,0,216760.0
2024-04-19,09:51:50,ABC,0,216760.0
2024-04-19,09:51:51,ABC,0,216760.0
2024-04-19,09:51:52,ABC,0,216760.0
2024-04-19,09:51:53,ABC,0,216760.0
2024-04-19,09:51:54,ABC,0,216760.0
2024-04-19,09:51:55,ABC,0,216760.0
2024-04-19,09:51:56,ABC,0,216760.0
2024-04-19,09:51:57,ABC,720,217480.0
2024-04-19,09:51:58,ABC,0,217480.0
2024-04-19,09:51:59,ABC,0,217480.0
2024-04-19,09:52:00,ABC,0,217480.0
2024-04-19,09:52:01,ABC,0,217480.0
2024-04-19,09:52:02,ABC,0,217480.0
2024-04-19,09:52:03,ABC,0,217480.0
2024-04-19,09:52:04,ABC,245,217725.0
2024-04-19,09:52:05,ABC,0,217725.0
2024-04-19,09:52:06,ABC,0,217725.0
2024-04-19,09:52:07,ABC,0,217725.0
2024-04-19,09:52:08,ABC,0,217725.0
2024-04-19,09:52:09,ABC,0,217725.0
2024-04-19,09:52:10,ABC,3723,221448.0
2024-04-19,09:52:11,ABC,0,221448.0
2024-04-19,09:52:12,ABC,0,221448.0
2024-04-19,09:52:13,ABC,0,221448.0
2024-04-19,09:52:14,ABC,0,221448.0
2024-04-19,09:52:15,ABC,0,221448.0
2024-04-19,09:52:16,ABC,0,221448.0
2024-04-19,09:52:17,ABC,241,221689.0
2024-04-19,09:52:18,ABC,0,221689.0
2024-04-19,09:52:19,ABC,0,221689.0
2024-04-19,09:52:20,ABC,0,221689.0
2024-04-19,09:52:21,ABC,0,221689.0
2024-04-19,09:52:22,ABC,0,221689.0
2024-04-19,09:52:23,ABC,0,221689.0
2024-04-19,09:52:24,ABC,109,221798.0
2024-04-19,09:52:25,ABC,0,221798.0
2024-04-19,09:52:26,ABC,0,221798.0
2024-04-19,09:52:27,ABC,0,221798.0
2024-04-19,09:52:28,ABC,0,221798.0
2024-04-19,09:52:29,ABC,0,221798.0
2024-04-19,09:52:30,ABC,290,222088.0
2024-04-19,09:52:31,ABC,0,222088.0
2024-04-19,09:52:32,ABC,0,222088.0
2024-04-19,09:52:33,ABC,0,222088.0
2024-04-19,09:52:34,ABC,0,222088.0
2024-04-19,09:52:35,ABC,0,222088.0
2024-04-19,09:52:36,ABC,0,222088.0
2024-04-19,09:52:37,ABC,697,222785.0
2024-04-19,09:52:38,ABC,0,222785.0
2024-04-19,09:52:39,ABC,0,222785.0
2024-04-19,09:52:40,ABC,0,222785.0
2024-04-19,09:52:41,ABC,0,222785.0
2024-04-19,09:52:42,ABC,0,222785.0
2024-04-19,09:52:43,ABC,0,222785.0
2024-04-19,09:52:44,ABC,354,223139.0
2024-04-19,09:52:45,ABC,0,223139.0
2024-04-19,09:52:46,ABC,0,223139.0
2024-04-19,09:52:47,ABC,0,223139.0
2024-04-19,09:52:48,ABC,0,223139.0
2024-04-19,09:52:49,ABC,0,223139.0
2024-04-19,09:52:50,ABC,0,223139.0
2024-04-19,09:52:51,ABC,50,223189.0
2024-04-19,09:52:52,ABC,0,223189.0
2024-04-19,09:52:53,ABC,0,223189.0
2024-04-19,09:52:54,ABC,0,223189.0
2024-04-19,09:52:55,ABC,0,223189.0
2024-04-19,09:52:56,ABC,0,223189.0
2024-04-19,09:52:57,ABC,423,223612.0
2024-04-19,09:52:58,ABC,0,223612.0
2024-04-19,09:52:59,ABC,0,223612.0
2024-04-19,09:53:00,ABC,0,223612.0
2024-04-19,09:53:01,ABC,0,223612.0
2024-04-19,09:53:02,ABC,0,223612.0
2024-04-19,09:53:03,ABC,0,223612.0
2024-04-19,09:53:04,ABC,37,223649.0
2024-04-19,09:53:05,ABC,0,223649.0
2024-04-19,09:53:06,ABC,0,223649.0
2024-04-19,09:53:07,ABC,0,223649.0
2024-04-19,09:53:08,ABC,0,223649.0
2024-04-19,09:53:09,ABC,0,223649.0
2024-04-19,09:53:10,ABC,97,223746.0
2024-04-19,09:53:11,ABC,0,223746.0
2024-04-19,09:53:12,ABC,0,223746.0
2024-04-19,09:53:13,ABC,0,223746.0
2024-04-19,09:53:14,ABC,0,223746.0
2024-04-19,09:53:15,ABC,0,223746.0
2024-04-19,09:53:16,ABC,0,223746.0
2024-04-19,09:53:17,ABC,0,223746.0
2024-04-19,09:53:18,ABC,957,224703.0
2024-04-19,09:53:19,ABC,0,224703.0
2024-04-19,09:53:20,ABC,0,224703.0
2024-04-19,09:53:21,ABC,0,224703.0
2024-04-19,09:53:22,ABC,0,224703.0
2024-04-19,09:53:23,ABC,0,224703.0
2024-04-19,09:53:24,ABC,31,224734.0
2024-04-19,09:53:25,ABC,0,224734.0
2024-04-19,09:53:26,ABC,0,224734.0
2024-04-19,09:53:27,ABC,0,224734.0
2024-04-19,09:53:28,ABC,0,224734.0
2024-04-19,09:53:29,ABC,0,224734.0
2024-04-19,09:53:30,ABC,0,224734.0
2024-04-19,09:53:31,ABC,3000,227734.0
2024-04-19,09:53:32,ABC,0,227734.0
2024-04-19,09:53:33,ABC,0,227734.0
2024-04-19,09:53:34,ABC,0,227734.0
2024-04-19,09:53:35,ABC,0,227734.0
2024-04-19,09:53:36,ABC,0,227734.0
2024-04-19,09:53:37,ABC,293,228027.0
2024-04-19,09:53:38,ABC,0,228027.0
2024-04-19,09:53:39,ABC,0,228027.0
2024-04-19,09:53:40,ABC,0,228027.0
2024-04-19,09:53:41,ABC,0,228027.0
2024-04-19,09:53:42,ABC,0,228027.0
2024-04-19,09:53:43,ABC,0,228027.0
2024-04-19,09:53:44,ABC,15,228042.0
2024-04-19,09:53:45,ABC,0,228042.0
2024-04-19,09:53:46,ABC,0,228042.0
2024-04-19,09:53:47,ABC,0,228042.0
2024-04-19,09:53:48,ABC,0,228042.0
2024-04-19,09:53:49,ABC,0,228042.0
2024-04-19,09:53:50,ABC,0,228042.0
2024-04-19,09:53:51,ABC,15,228057.0
2024-04-19,09:53:52,ABC,0,228057.0
2024-04-19,09:53:53,ABC,0,228057.0
2024-04-19,09:53:54,ABC,0,228057.0
2024-04-19,09:53:55,ABC,0,228057.0
2024-04-19,09:53:56,ABC,0,228057.0
2024-04-19,09:53:57,ABC,0,228057.0
2024-04-19,09:53:58,ABC,16,228073.0
2024-04-19,09:53:59,ABC,0,228073.0
2024-04-19,09:54:00,ABC,0,228073.0
2024-04-19,09:54:01,ABC,0,228073.0
2024-04-19,09:54:02,ABC,0,228073.0
2024-04-19,09:54:03,ABC,0,228073.0
2024-04-19,09:54:04,ABC,26,228099.0
2024-04-19,09:54:05,ABC,0,228099.0
2024-04-19,09:54:06,ABC,0,228099.0
2024-04-19,09:54:07,ABC,0,228099.0
2024-04-19,09:54:08,ABC,0,228099.0
2024-04-19,09:54:09,ABC,0,228099.0
2024-04-19,09:54:10,ABC,0,228099.0
2024-04-19,09:54:11,ABC,139,228238.0
2024-04-19,09:54:12,ABC,0,228238.0
2024-04-19,09:54:13,ABC,0,228238.0
2024-04-19,09:54:14,ABC,0,228238.0
2024-04-19,09:54:15,ABC,0,228238.0
2024-04-19,09:54:16,ABC,0,228238.0
2024-04-19,09:54:17,ABC,0,228238.0
2024-04-19,09:54:18,ABC,0,228238.0
2024-04-19,09:54:19,ABC,0,228238.0
2024-04-19,09:54:20,ABC,0,228238.0
2024-04-19,09:54:21,ABC,0,228238.0
2024-04-19,09:54:22,ABC,0,228238.0
2024-04-19,09:54:23,ABC,0,228238.0
2024-04-19,09:54:24,ABC,100,228338.0
2024-04-19,09:54:25,ABC,0,228338.0
2024-04-19,09:54:26,ABC,0,228338.0
2024-04-19,09:54:27,ABC,0,228338.0
2024-04-19,09:54:28,ABC,0,228338.0
2024-04-19,09:54:29,ABC,0,228338.0
2024-04-19,09:54:30,ABC,0,228338.0
2024-04-19,09:54:31,ABC,2213,230551.0
2024-04-19,09:54:32,ABC,0,230551.0
2024-04-19,09:54:33,ABC,0,230551.0
2024-04-19,09:54:34,ABC,0,230551.0
2024-04-19,09:54:35,ABC,0,230551.0
2024-04-19,09:54:36,ABC,0,230551.0
2024-04-19,09:54:37,ABC,0,230551.0
2024-04-19,09:54:38,ABC,330,230881.0
2024-04-19,09:54:39,ABC,0,230881.0
2024-04-19,09:54:40,ABC,0,230881.0
2024-04-19,09:54:41,ABC,0,230881.0
2024-04-19,09:54:42,ABC,0,230881.0
2024-04-19,09:54:43,ABC,0,230881.0
2024-04-19,09:54:44,ABC,3,230884.0
2024-04-19,09:54:45,ABC,0,230884.0
2024-04-19,09:54:46,ABC,0,230884.0
2024-04-19,09:54:47,ABC,0,230884.0
2024-04-19,09:54:48,ABC,0,230884.0
2024-04-19,09:54:49,ABC,0,230884.0
2024-04-19,09:54:50,ABC,0,230884.0
2024-04-19,09:54:51,ABC,165,231049.0
2024-04-19,09:54:52,ABC,0,231049.0
2024-04-19,09:54:53,ABC,0,231049.0
2024-04-19,09:54:54,ABC,0,231049.0
2024-04-19,09:54:55,ABC,0,231049.0
2024-04-19,09:54:56,ABC,0,231049.0
2024-04-19,09:54:57,ABC,40,231089.0
2024-04-19,09:54:58,ABC,0,231089.0
2024-04-19,09:54:59,ABC,0,231089.0
2024-04-19,09:55:00,ABC,0,231089.0
2024-04-19,09:55:01,ABC,0,231089.0
2024-04-19,09:55:02,ABC,0,231089.0
2024-04-19,09:55:03,ABC,0,231089.0
2024-04-19,09:55:04,ABC,435,231524.0
2024-04-19,09:55:05,ABC,0,231524.0
2024-04-19,09:55:06,ABC,0,231524.0
2024-04-19,09:55:07,ABC,0,231524.0
2024-04-19,09:55:08,ABC,0,231524.0
2024-04-19,09:55:09,ABC,0,231524.0
2024-04-19,09:55:10,ABC,0,231524.0
2024-04-19,09:55:11,ABC,59,231583.0
2024-04-19,09:55:12,ABC,0,231583.0
2024-04-19,09:55:13,ABC,0,231583.0
2024-04-19,09:55:14,ABC,0,231583.0
2024-04-19,09:55:15,ABC,0,231583.0
2024-04-19,09:55:16,ABC,0,231583.0
2024-04-19,09:55:17,ABC,20,231603.0
2024-04-19,09:55:18,ABC,0,231603.0
2024-04-19,09:55:19,ABC,0,231603.0
2024-04-19,09:55:20,ABC,0,231603.0
2024-04-19,09:55:21,ABC,0,231603.0
2024-04-19,09:55:22,ABC,0,231603.0
2024-04-19,09:55:23,ABC,0,231603.0
2024-04-19,09:55:24,ABC,11,231614.0
2024-04-19,09:55:25,ABC,0,231614.0
2024-04-19,09:55:26,ABC,0,231614.0
2024-04-19,09:55:27,ABC,0,231614.0
2024-04-19,09:55:28,ABC,0,231614.0
2024-04-19,09:55:29,ABC,0,231614.0
2024-04-19,09:55:30,ABC,0,231614.0
2024-04-19,09:55:31,ABC,400,232014.0
2024-04-19,09:55:32,ABC,0,232014.0
2024-04-19,09:55:33,ABC,0,232014.0
2024-04-19,09:55:34,ABC,0,232014.0
2024-04-19,09:55:35,ABC,0,232014.0
2024-04-19,09:55:36,ABC,0,232014.0
2024-04-19,09:55:37,ABC,0,232014.0
2024-04-19,09:55:38,ABC,271,232285.0
2024-04-19,09:55:39,ABC,0,232285.0
2024-04-19,09:55:40,ABC,0,232285.0
2024-04-19,09:55:41,ABC,0,232285.0
2024-04-19,09:55:42,ABC,0,232285.0
2024-04-19,09:55:43,ABC,0,232285.0
2024-04-19,09:55:44,ABC,0,232285.0
2024-04-19,09:55:45,ABC,201,232486.0
2024-04-19,09:55:46,ABC,0,232486.0
2024-04-19,09:55:47,ABC,0,232486.0
2024-04-19,09:55:48,ABC,0,232486.0
2024-04-19,09:55:49,ABC,0,232486.0
2024-04-19,09:55:50,ABC,0,232486.0
2024-04-19,09:55:51,ABC,0,232486.0
2024-04-19,09:55:52,ABC,75,232561.0
2024-04-19,09:55:53,ABC,0,232561.0
2024-04-19,09:55:54,ABC,0,232561.0
2024-04-19,09:55:55,ABC,0,232561.0
2024-04-19,09:55:56,ABC,0,232561.0
2024-04-19,09:55:57,ABC,0,232561.0
2024-04-19,09:55:58,ABC,64,232625.0
2024-04-19,09:55:59,ABC,0,232625.0
2024-04-19,09:56:00,ABC,0,232625.0
2024-04-19,09:56:01,ABC,0,232625.0
2024-04-19,09:56:02,ABC,0,232625.0
2024-04-19,09:56:03,ABC,0,232625.0
2024-04-19,09:56:04,ABC,0,232625.0
2024-04-19,09:56:05,ABC,16,232641.0
2024-04-19,09:56:06,ABC,0,232641.0
2024-04-19,09:56:07,ABC,0,232641.0
2024-04-19,09:56:08,ABC,0,232641.0
2024-04-19,09:56:09,ABC,0,232641.0
2024-04-19,09:56:10,ABC,0,232641.0
2024-04-19,09:56:11,ABC,0,232641.0
2024-04-19,09:56:12,ABC,0,232641.0
2024-04-19,09:56:13,ABC,0,232641.0
2024-04-19,09:56:14,ABC,0,232641.0
2024-04-19,09:56:15,ABC,0,232641.0
2024-04-19,09:56:16,ABC,0,232641.0
2024-04-19,09:56:17,ABC,0,232641.0
2024-04-19,09:56:18,ABC,0,232641.0
2024-04-19,09:56:19,ABC,0,232641.0
2024-04-19,09:56:20,ABC,0,232641.0
2024-04-19,09:56:21,ABC,0,232641.0
2024-04-19,09:56:22,ABC,0,232641.0
2024-04-19,09:56:23,ABC,0,232641.0
2024-04-19,09:56:24,ABC,0,232641.0
2024-04-19,09:56:25,ABC,0,232641.0
2024-04-19,09:56:26,ABC,2,232643.0
2024-04-19,09:56:27,ABC,0,232643.0
2024-04-19,09:56:28,ABC,0,232643.0
2024-04-19,09:56:29,ABC,0,232643.0
2024-04-19,09:56:30,ABC,0,232643.0
2024-04-19,09:56:31,ABC,0,232643.0
2024-04-19,09:56:32,ABC,0,232643.0
2024-04-19,09:56:33,ABC,5,232648.0
2024-04-19,09:56:34,ABC,0,232648.0
2024-04-19,09:56:35,ABC,0,232648.0
2024-04-19,09:56:36,ABC,0,232648.0
2024-04-19,09:56:37,ABC,0,232648.0
2024-04-19,09:56:38,ABC,0,232648.0
2024-04-19,09:56:39,ABC,25,232673.0
2024-04-19,09:56:40,ABC,0,232673.0
2024-04-19,09:56:41,ABC,0,232673.0
2024-04-19,09:56:42,ABC,0,232673.0
2024-04-19,09:56:43,ABC,0,232673.0
2024-04-19,09:56:44,ABC,0,232673.0
2024-04-19,09:56:45,ABC,0,232673.0
2024-04-19,09:56:46,ABC,907,233580.0
2024-04-19,09:56:47,ABC,0,233580.0
2024-04-19,09:56:48,ABC,0,233580.0
2024-04-19,09:56:49,ABC,0,233580.0
2024-04-19,09:56:50,ABC,0,233580.0
2024-04-19,09:56:51,ABC,0,233580.0
2024-04-19,09:56:52,ABC,0,233580.0
2024-04-19,09:56:53,ABC,0,233580.0
2024-04-19,09:56:54,ABC,0,233580.0
2024-04-19,09:56:55,ABC,0,233580.0
2024-04-19,09:56:56,ABC,0,233580.0
2024-04-19,09:56:57,ABC,0,233580.0
2024-04-19,09:56:58,ABC,583,234163.0
2024-04-19,09:56:59,ABC,0,234163.0
2024-04-19,09:57:00,ABC,0,234163.0
2024-04-19,09:57:01,ABC,0,234163.0
2024-04-19,09:57:02,ABC,0,234163.0
2024-04-19,09:57:03,ABC,0,234163.0
2024-04-19,09:57:04,ABC,0,234163.0
2024-04-19,09:57:05,ABC,143,234306.0
2024-04-19,09:57:06,ABC,0,234306.0
2024-04-19,09:57:07,ABC,0,234306.0
2024-04-19,09:57:08,ABC,0,234306.0
2024-04-19,09:57:09,ABC,0,234306.0
2024-04-19,09:57:10,ABC,0,234306.0
2024-04-19,09:57:11,ABC,0,234306.0
2024-04-19,09:57:12,ABC,0,234306.0
2024-04-19,09:57:13,ABC,0,234306.0
2024-04-19,09:57:14,ABC,0,234306.0
2024-04-19,09:57:15,ABC,0,234306.0
2024-04-19,09:57:16,ABC,0,234306.0
2024-04-19,09:57:17,ABC,0,234306.0
2024-04-19,09:57:18,ABC,154,234460.0
2024-04-19,09:57:19,ABC,0,234460.0
2024-04-19,09:57:20,ABC,0,234460.0
2024-04-19,09:57:21,ABC,0,234460.0
2024-04-19,09:57:22,ABC,0,234460.0
2024-04-19,09:57:23,ABC,0,234460.0
2024-04-19,09:57:24,ABC,0,234460.0
2024-04-19,09:57:25,ABC,237,234697.0
2024-04-19,09:57:26,ABC,0,234697.0
2024-04-19,09:57:27,ABC,0,234697.0
2024-04-19,09:57:28,ABC,0,234697.0
2024-04-19,09:57:29,ABC,0,234697.0
2024-04-19,09:57:30,ABC,0,234697.0
2024-04-19,09:57:31,ABC,0,234697.0
2024-04-19,09:57:32,ABC,0,234697.0
2024-04-19,09:57:33,ABC,0,234697.0
2024-04-19,09:57:34,ABC,0,234697.0
2024-04-19,09:57:35,ABC,0,234697.0
2024-04-19,09:57:36,ABC,0,234697.0
2024-04-19,09:57:37,ABC,0,234697.0
2024-04-19,09:57:38,ABC,0,234697.0
2024-04-19,09:57:39,ABC,0,234697.0
2024-04-19,09:57:40,ABC,0,234697.0
2024-04-19,09:57:41,ABC,0,234697.0
2024-04-19,09:57:42,ABC,0,234697.0
2024-04-19,09:57:43,ABC,0,234697.0
2024-04-19,09:57:44,ABC,0,234697.0
2024-04-19,09:57:45,ABC,559,235256.0
2024-04-19,09:57:46,ABC,0,235256.0
2024-04-19,09:57:47,ABC,0,235256.0
2024-04-19,09:57:48,ABC,0,235256.0
2024-04-19,09:57:49,ABC,0,235256.0
2024-04-19,09:57:50,ABC,0,235256.0
2024-04-19,09:57:51,ABC,0,235256.0
2024-04-19,09:57:52,ABC,5,235261.0
2024-04-19,09:57:53,ABC,0,235261.0
2024-04-19,09:57:54,ABC,0,235261.0
2024-04-19,09:57:55,ABC,0,235261.0
2024-04-19,09:57:56,ABC,0,235261.0
2024-04-19,09:57:57,ABC,0,235261.0
2024-04-19,09:57:58,ABC,0,235261.0
2024-04-19,09:57:59,ABC,0,235261.0
2024-04-19,09:58:00,ABC,0,235261.0
2024-04-19,09:58:01,ABC,0,235261.0
2024-04-19,09:58:02,ABC,0,235261.0
2024-04-19,09:58:03,ABC,0,235261.0
2024-04-19,09:58:04,ABC,0,235261.0
2024-04-19,09:58:05,ABC,7,235268.0
2024-04-19,09:58:06,ABC,0,235268.0
2024-04-19,09:58:07,ABC,0,235268.0
2024-04-19,09:58:08,ABC,0,235268.0
2024-04-19,09:58:09,ABC,0,235268.0
2024-04-19,09:58:10,ABC,0,235268.0
2024-04-19,09:58:11,ABC,0,235268.0
2024-04-19,09:58:12,ABC,6,235274.0
2024-04-19,09:58:13,ABC,0,235274.0
2024-04-19,09:58:14,ABC,0,235274.0
2024-04-19,09:58:15,ABC,0,235274.0
2024-04-19,09:58:16,ABC,0,235274.0
2024-04-19,09:58:17,ABC,0,235274.0
2024-04-19,09:58:18,ABC,0,235274.0
2024-04-19,09:58:19,ABC,2,235276.0
2024-04-19,09:58:20,ABC,0,235276.0
2024-04-19,09:58:21,ABC,0,235276.0
2024-04-19,09:58:22,ABC,0,235276.0
2024-04-19,09:58:23,ABC,0,235276.0
2024-04-19,09:58:24,ABC,0,235276.0
2024-04-19,09:58:25,ABC,0,235276.0
2024-04-19,09:58:26,ABC,0,235276.0
2024-04-19,09:58:27,ABC,0,235276.0
2024-04-19,09:58:28,ABC,0,235276.0
2024-04-19,09:58:29,ABC,0,235276.0
2024-04-19,09:58:30,ABC,0,235276.0
2024-04-19,09:58:31,ABC,0,235276.0
2024-04-19,09:58:32,ABC,7,235283.0
2024-04-19,09:58:33,ABC,0,235283.0
2024-04-19,09:58:34,ABC,0,235283.0
2024-04-19,09:58:35,ABC,0,235283.0
2024-04-19,09:58:36,ABC,0,235283.0
2024-04-19,09:58:37,ABC,0,235283.0
2024-04-19,09:58:38,ABC,3538,238821.0
2024-04-19,09:58:39,ABC,0,238821.0
2024-04-19,09:58:40,ABC,0,238821.0
2024-04-19,09:58:41,ABC,0,238821.0
2024-04-19,09:58:42,ABC,0,238821.0
2024-04-19,09:58:43,ABC,0,238821.0
2024-04-19,09:58:44,ABC,0,238821.0
2024-04-19,09:58:45,ABC,100,238921.0
2024-04-19,09:58:46,ABC,0,238921.0
2024-04-19,09:58:47,ABC,0,238921.0
2024-04-19,09:58:48,ABC,0,238921.0
2024-04-19,09:58:49,ABC,0,238921.0
2024-04-19,09:58:50,ABC,0,238921.0
2024-04-19,09:58:51,ABC,0,238921.0
2024-04-19,09:58:52,ABC,102,239023.0
2024-04-19,09:58:53,ABC,0,239023.0
2024-04-19,09:58:54,ABC,0,239023.0
2024-04-19,09:58:55,ABC,0,239023.0
2024-04-19,09:58:56,ABC,0,239023.0
2024-04-19,09:58:57,ABC,0,239023.0
2024-04-19,09:58:58,ABC,0,239023.0
2024-04-19,09:58:59,ABC,0,239023.0
2024-04-19,09:59:00,ABC,0,239023.0
2024-04-19,09:59:01,ABC,0,239023.0
2024-04-19,09:59:02,ABC,0,239023.0
2024-04-19,09:59:03,ABC,0,239023.0
2024-04-19,09:59:04,ABC,0,239023.0
2024-04-19,09:59:05,ABC,0,239023.0
2024-04-19,09:59:06,ABC,0,239023.0
2024-04-19,09:59:07,ABC,0,239023.0
2024-04-19,09:59:08,ABC,0,239023.0
2024-04-19,09:59:09,ABC,0,239023.0
2024-04-19,09:59:10,ABC,0,239023.0
2024-04-19,09:59:11,ABC,0,239023.0
2024-04-19,09:59:12,ABC,0,239023.0
2024-04-19,09:59:13,ABC,15,239038.0
2024-04-19,09:59:14,ABC,0,239038.0
2024-04-19,09:59:15,ABC,0,239038.0
2024-04-19,09:59:16,ABC,0,239038.0
2024-04-19,09:59:17,ABC,0,239038.0
2024-04-19,09:59:18,ABC,0,239038.0
2024-04-19,09:59:19,ABC,223,239261.0
2024-04-19,09:59:20,ABC,0,239261.0
2024-04-19,09:59:21,ABC,0,239261.0
2024-04-19,09:59:22,ABC,0,239261.0
2024-04-19,09:59:23,ABC,0,239261.0
2024-04-19,09:59:24,ABC,0,239261.0
2024-04-19,09:59:25,ABC,0,239261.0
2024-04-19,09:59:26,ABC,67,239328.0
2024-04-19,09:59:27,ABC,0,239328.0
2024-04-19,09:59:28,ABC,0,239328.0
2024-04-19,09:59:29,ABC,0,239328.0
2024-04-19,09:59:30,ABC,0,239328.0
2024-04-19,09:59:31,ABC,0,239328.0
2024-04-19,09:59:32,ABC,34,239362.0
2024-04-19,09:59:33,ABC,0,239362.0
2024-04-19,09:59:34,ABC,0,239362.0
2024-04-19,09:59:35,ABC,0,239362.0
2024-04-19,09:59:36,ABC,0,239362.0
2024-04-19,09:59:37,ABC,0,239362.0
2024-04-19,09:59:38,ABC,0,239362.0
2024-04-19,09:59:39,ABC,400,239762.0
2024-04-19,09:59:40,ABC,0,239762.0
2024-04-19,09:59:41,ABC,0,239762.0
2024-04-19,09:59:42,ABC,0,239762.0
2024-04-19,09:59:43,ABC,0,239762.0
2024-04-19,09:59:44,ABC,0,239762.0
2024-04-19,09:59:45,ABC,0,239762.0
2024-04-19,09:59:46,ABC,51,239813.0
2024-04-19,09:59:47,ABC,0,239813.0
2024-04-19,09:59:48,ABC,0,239813.0
2024-04-19,09:59:49,ABC,0,239813.0
2024-04-19,09:59:50,ABC,0,239813.0
2024-04-19,09:59:51,ABC,0,239813.0
2024-04-19,09:59:52,ABC,0,239813.0
2024-04-19,09:59:53,ABC,10,239823.0
2024-04-19,09:59:54,ABC,0,239823.0
2024-04-19,09:59:55,ABC,0,239823.0
2024-04-19,09:59:56,ABC,0,239823.0
2024-04-19,09:59:57,ABC,0,239823.0
2024-04-19,09:59:58,ABC,0,239823.0
2024-04-19,09:59:59,ABC,0,239823.0
2024-04-19,10:00:00,ABC,0,239823.0
2024-04-19,10:00:01,ABC,0,239823.0
2024-04-19,10:00:02,ABC,0,239823.0
2024-04-19,10:00:03,ABC,0,239823.0
2024-04-19,10:00:04,ABC,0,239823.0
2024-04-19,10:00:05,ABC,0,239823.0
2024-04-19,10:00:06,ABC,21,239844.0
2024-04-19,10:00:07,ABC,0,239844.0
2024-04-19,10:00:08,ABC,0,239844.0
2024-04-19,10:00:09,ABC,0,239844.0
2024-04-19,10:00:10,ABC,0,239844.0
2024-04-19,10:00:11,ABC,0,239844.0
2024-04-19,10:00:12,ABC,0,239844.0
2024-04-19,10:00:13,ABC,10,239854.0
2024-04-19,10:00:14,ABC,0,239854.0
2024-04-19,10:00:15,ABC,0,239854.0
2024-04-19,10:00:16,ABC,0,239854.0
2024-04-19,10:00:17,ABC,0,239854.0
2024-04-19,10:00:18,ABC,0,239854.0
2024-04-19,10:00:19,ABC,943,240797.0
2024-04-19,10:00:20,ABC,0,240797.0
2024-04-19,10:00:21,ABC,0,240797.0
2024-04-19,10:00:22,ABC,0,240797.0
2024-04-19,10:00:23,ABC,0,240797.0
2024-04-19,10:00:24,ABC,0,240797.0
2024-04-19,10:00:25,ABC,109,240906.0
2024-04-19,10:00:26,ABC,0,240906.0
2024-04-19,10:00:27,ABC,0,240906.0
2024-04-19,10:00:28,ABC,0,240906.0
2024-04-19,10:00:29,ABC,0,240906.0
2024-04-19,10:00:30,ABC,0,240906.0
2024-04-19,10:00:31,ABC,0,240906.0
2024-04-19,10:00:32,ABC,50,240956.0
2024-04-19,10:00:33,ABC,0,240956.0
2024-04-19,10:00:34,ABC,0,240956.0
2024-04-19,10:00:35,ABC,0,240956.0
2024-04-19,10:00:36,ABC,0,240956.0
2024-04-19,10:00:37,ABC,0,240956.0
2024-04-19,10:00:38,ABC,0,240956.0
2024-04-19,10:00:39,ABC,10,240966.0
2024-04-19,10:00:40,ABC,0,240966.0
2024-04-19,10:00:41,ABC,0,240966.0
2024-04-19,10:00:42,ABC,0,240966.0
2024-04-19,10:00:43,ABC,0,240966.0
2024-04-19,10:00:44,ABC,0,240966.0
2024-04-19,10:00:45,ABC,0,240966.0
2024-04-19,10:00:46,ABC,0,240966.0
2024-04-19,10:00:47,ABC,0,240966.0
2024-04-19,10:00:48,ABC,0,240966.0
2024-04-19,10:00:49,ABC,0,240966.0
2024-04-19,10:00:50,ABC,0,240966.0
2024-04-19,10:00:51,ABC,0,240966.0
2024-04-19,10:00:52,ABC,2,240968.0
2024-04-19,10:00:53,ABC,0,240968.0
2024-04-19,10:00:54,ABC,0,240968.0
2024-04-19,10:00:55,ABC,0,240968.0
2024-04-19,10:00:56,ABC,0,240968.0
2024-04-19,10:00:57,ABC,0,240968.0
2024-04-19,10:00:58,ABC,0,240968.0
2024-04-19,10:00:59,ABC,0,240968.0
2024-04-19,10:01:00,ABC,0,240968.0
2024-04-19,10:01:01,ABC,0,240968.0
2024-04-19,10:01:02,ABC,0,240968.0
2024-04-19,10:01:03,ABC,0,240968.0
2024-04-19,10:01:04,ABC,0,240968.0
2024-04-19,10:01:05,ABC,0,240968.0
2024-04-19,10:01:06,ABC,8872,249840.0
2024-04-19,10:01:07,ABC,0,249840.0
2024-04-19,10:01:08,ABC,0,249840.0
2024-04-19,10:01:09,ABC,0,249840.0
2024-04-19,10:01:10,ABC,0,249840.0
2024-04-19,10:01:11,ABC,0,249840.0
2024-04-19,10:01:12,ABC,224,250064.0
2024-04-19,10:01:13,ABC,0,250064.0
2024-04-19,10:01:14,ABC,0,250064.0
2024-04-19,10:01:15,ABC,0,250064.0
2024-04-19,10:01:16,ABC,0,250064.0
