Date,Time,Stock Name,Last Traded Quantity,cumulative_volume
2024-04-22,09:15:07,ABC,56427,56427.0
2024-04-22,09:15:08,ABC,0,56427.0
2024-04-22,09:15:09,ABC,0,56427.0
2024-04-22,09:15:10,ABC,0,56427.0
2024-04-22,09:15:11,ABC,0,56427.0
2024-04-22,09:15:12,ABC,0,56427.0
2024-04-22,09:15:13,ABC,0,56427.0
2024-04-22,09:15:14,ABC,0,56427.0
2024-04-22,09:15:15,ABC,7286,63713.0
2024-04-22,09:15:16,ABC,0,63713.0
2024-04-22,09:15:17,ABC,0,63713.0
2024-04-22,09:15:18,ABC,0,63713.0
2024-04-22,09:15:19,ABC,0,63713.0
2024-04-22,09:15:20,ABC,0,63713.0
2024-04-22,09:15:21,ABC,0,63713.0
2024-04-22,09:15:22,ABC,0,63713.0
2024-04-22,09:15:23,ABC,13988,77701.0
2024-04-22,09:15:24,ABC,0,77701.0
2024-04-22,09:15:25,ABC,0,77701.0
2024-04-22,09:15:26,ABC,0,77701.0
2024-04-22,09:15:27,ABC,0,77701.0
2024-04-22,09:15:28,ABC,0,77701.0
2024-04-22,09:15:29,ABC,0,77701.0
2024-04-22,09:15:30,ABC,9402,87103.0
2024-04-22,09:15:31,ABC,0,87103.0
2024-04-22,09:15:32,ABC,0,87103.0
2024-04-22,09:15:33,ABC,0,87103.0
2024-04-22,09:15:34,ABC,0,87103.0
2024-04-22,09:15:35,ABC,0,87103.0
2024-04-22,09:15:36,ABC,0,87103.0
2024-04-22,09:15:37,ABC,12666,99769.0
2024-04-22,09:15:38,ABC,0,99769.0
2024-04-22,09:15:39,ABC,0,99769.0
2024-04-22,09:15:40,ABC,0,99769.0
2024-04-22,09:15:41,ABC,0,99769.0
2024-04-22,09:15:42,ABC,0,99769.0
2024-04-22,09:15:43,ABC,0,99769.0
2024-04-22,09:15:44,ABC,24568,124337.0
2024-04-22,09:15:45,ABC,0,124337.0
2024-04-22,09:15:46,ABC,0,124337.0
2024-04-22,09:15:47,ABC,0,124337.0
2024-04-22,09:15:48,ABC,0,124337.0
2024-04-22,09:15:49,ABC,0,124337.0
2024-04-22,09:15:50,ABC,5540,129877.0
2024-04-22,09:15:51,ABC,0,129877.0
2024-04-22,09:15:52,ABC,0,129877.0
2024-04-22,09:15:53,ABC,0,129877.0
2024-04-22,09:15:54,ABC,0,129877.0
2024-04-22,09:15:55,ABC,0,129877.0
2024-04-22,09:15:56,ABC,0,129877.0
2024-04-22,09:15:57,ABC,4828,134705.0
2024-04-22,09:15:58,ABC,0,134705.0
2024-04-22,09:15:59,ABC,0,134705.0
2024-04-22,09:16:00,ABC,0,134705.0
2024-04-22,09:16:01,ABC,0,134705.0
2024-04-22,09:16:02,ABC,0,134705.0
2024-04-22,09:16:03,ABC,8758,143463.0
2024-04-22,09:16:04,ABC,0,143463.0
2024-04-22,09:16:05,ABC,0,143463.0
2024-04-22,09:16:06,ABC,2225,145688.0
2024-04-22,09:16:07,ABC,962,146650.0
2024-04-22,09:16:08,ABC,711,147361.0
2024-04-22,09:16:09,ABC,1965,149326.0
2024-04-22,09:16:10,ABC,1746,151072.0
2024-04-22,09:16:11,ABC,412,151484.0
2024-04-22,09:16:12,ABC,1562,153046.0
2024-04-22,09:16:13,ABC,1073,154119.0
2024-04-22,09:16:14,ABC,1261,155380.0
2024-04-22,09:16:15,ABC,21,155401.0
2024-04-22,09:16:16,ABC,1799,157200.0
2024-04-22,09:16:17,ABC,2955,160155.0
2024-04-22,09:16:18,ABC,1580,161735.0
2024-04-22,09:16:19,ABC,650,162385.0
2024-04-22,09:16:20,ABC,1191,163576.0
2024-04-22,09:16:21,ABC,1040,164616.0
2024-04-22,09:16:22,ABC,1534,166150.0
2024-04-22,09:16:23,ABC,1137,167287.0
2024-04-22,09:16:24,ABC,767,168054.0
2024-04-22,09:16:25,ABC,1654,169708.0
2024-04-22,09:16:26,ABC,288,169996.0
2024-04-22,09:16:27,ABC,260,170256.0
2024-04-22,09:16:28,ABC,2904,173160.0
2024-04-22,09:16:29,ABC,3685,176845.0
2024-04-22,09:16:30,ABC,1218,178063.0
2024-04-22,09:16:31,ABC,1388,179451.0
2024-04-22,09:16:32,ABC,4377,183828.0
2024-04-22,09:16:33,ABC,680,184508.0
2024-04-22,09:16:34,ABC,524,185032.0
2024-04-22,09:16:35,ABC,1495,186527.0
2024-04-22,09:16:36,ABC,205,186732.0
2024-04-22,09:16:37,ABC,7470,194202.0
2024-04-22,09:16:38,ABC,150,194352.0
2024-04-22,09:16:39,ABC,623,194975.0
2024-04-22,09:16:40,ABC,176,195151.0
2024-04-22,09:16:41,ABC,536,195687.0
2024-04-22,09:16:42,ABC,1052,196739.0
2024-04-22,09:16:43,ABC,1548,198287.0
2024-04-22,09:16:44,ABC,316,198603.0
2024-04-22,09:16:45,ABC,2655,201258.0
2024-04-22,09:16:46,ABC,1915,203173.0
2024-04-22,09:16:47,ABC,716,203889.0
2024-04-22,09:16:48,ABC,2325,206214.0
2024-04-22,09:16:49,ABC,1000,207214.0
2024-04-22,09:16:50,ABC,105,207319.0
2024-04-22,09:16:51,ABC,104,207423.0
2024-04-22,09:16:52,ABC,1056,208479.0
2024-04-22,09:16:53,ABC,15,208494.0
2024-04-22,09:16:54,ABC,1189,209683.0
2024-04-22,09:16:55,ABC,200,209883.0
2024-04-22,09:16:56,ABC,57,209940.0
2024-04-22,09:16:57,ABC,366,210306.0
2024-04-22,09:16:58,ABC,150,210456.0
2024-04-22,09:16:59,ABC,40,210496.0
2024-04-22,09:17:00,ABC,212,210708.0
2024-04-22,09:17:01,ABC,1711,212419.0
2024-04-22,09:17:02,ABC,101,212520.0
2024-04-22,09:17:03,ABC,560,213080.0
2024-04-22,09:17:04,ABC,5564,218644.0
2024-04-22,09:17:05,ABC,0,218644.0
2024-04-22,09:17:06,ABC,480,219124.0
2024-04-22,09:17:07,ABC,51,219175.0
2024-04-22,09:17:08,ABC,0,219175.0
2024-04-22,09:17:09,ABC,1386,220561.0
2024-04-22,09:17:10,ABC,322,220883.0
2024-04-22,09:17:11,ABC,5925,226808.0
2024-04-22,09:17:12,ABC,4280,231088.0
2024-04-22,09:17:13,ABC,743,231831.0
2024-04-22,09:17:14,ABC,99,231930.0
2024-04-22,09:17:15,ABC,0,231930.0
2024-04-22,09:17:16,ABC,657,232587.0
2024-04-22,09:17:17,ABC,3606,236193.0
2024-04-22,09:17:18,ABC,1338,237531.0
2024-04-22,09:17:19,ABC,727,238258.0
2024-04-22,09:17:20,ABC,1860,240118.0
2024-04-22,09:17:21,ABC,1198,241316.0
2024-04-22,09:17:22,ABC,1275,242591.0
2024-04-22,09:17:23,ABC,2263,244854.0
2024-04-22,09:17:24,ABC,1673,246527.0
2024-04-22,09:17:25,ABC,965,247492.0
2024-04-22,09:17:26,ABC,1886,249378.0
2024-04-22,09:17:27,ABC,1011,250389.0
2024-04-22,09:17:28,ABC,540,250929.0
2024-04-22,09:17:29,ABC,351,251280.0
2024-04-22,09:17:30,ABC,11136,262416.0
2024-04-22,09:17:31,ABC,40,262456.0
2024-04-22,09:17:32,ABC,2604,265060.0
2024-04-22,09:17:33,ABC,520,265580.0
2024-04-22,09:17:34,ABC,378,265958.0
2024-04-22,09:17:35,ABC,862,266820.0
2024-04-22,09:17:36,ABC,1090,267910.0
2024-04-22,09:17:37,ABC,660,268570.0
2024-04-22,09:17:38,ABC,135,268705.0
2024-04-22,09:17:39,ABC,824,269529.0
2024-04-22,09:17:40,ABC,767,270296.0
2024-04-22,09:17:41,ABC,285,270581.0
2024-04-22,09:17:42,ABC,5992,276573.0
2024-04-22,09:17:43,ABC,116,276689.0
2024-04-22,09:17:44,ABC,1275,277964.0
2024-04-22,09:17:45,ABC,521,278485.0
2024-04-22,09:17:46,ABC,754,279239.0
2024-04-22,09:17:47,ABC,429,279668.0
2024-04-22,09:17:48,ABC,7,279675.0
2024-04-22,09:17:49,ABC,1307,280982.0
2024-04-22,09:17:50,ABC,310,281292.0
2024-04-22,09:17:51,ABC,2097,283389.0
2024-04-22,09:17:52,ABC,182,283571.0
2024-04-22,09:17:53,ABC,17,283588.0
2024-04-22,09:17:54,ABC,310,283898.0
2024-04-22,09:17:55,ABC,321,284219.0
2024-04-22,09:17:56,ABC,1042,285261.0
2024-04-22,09:17:57,ABC,220,285481.0
2024-04-22,09:17:58,ABC,11896,297377.0
2024-04-22,09:17:59,ABC,1360,298737.0
2024-04-22,09:18:00,ABC,16,298753.0
2024-04-22,09:18:01,ABC,2070,300823.0
2024-04-22,09:18:02,ABC,286,301109.0
2024-04-22,09:18:03,ABC,22037,323146.0
2024-04-22,09:18:04,ABC,399,323545.0
2024-04-22,09:18:05,ABC,4147,327692.0
2024-04-22,09:18:06,ABC,0,327692.0
2024-04-22,09:18:07,ABC,1760,329452.0
2024-04-22,09:18:08,ABC,318,329770.0
2024-04-22,09:18:09,ABC,340,330110.0
2024-04-22,09:18:10,ABC,124,330234.0
2024-04-22,09:18:11,ABC,291,330525.0
2024-04-22,09:18:12,ABC,222,330747.0
2024-04-22,09:18:13,ABC,100,330847.0
2024-04-22,09:18:14,ABC,1264,332111.0
2024-04-22,09:18:15,ABC,1422,333533.0
2024-04-22,09:18:16,ABC,487,334020.0
2024-04-22,09:18:17,ABC,379,334399.0
2024-04-22,09:18:18,ABC,1052,335451.0
2024-04-22,09:18:19,ABC,296,335747.0
2024-04-22,09:18:20,ABC,435,336182.0
2024-04-22,09:18:21,ABC,514,336696.0
2024-04-22,09:18:22,ABC,55,336751.0
2024-04-22,09:18:23,ABC,4607,341358.0
2024-04-22,09:18:24,ABC,531,341889.0
2024-04-22,09:18:25,ABC,1239,343128.0
2024-04-22,09:18:26,ABC,581,343709.0
2024-04-22,09:18:27,ABC,541,344250.0
2024-04-22,09:18:28,ABC,400,344650.0
2024-04-22,09:18:29,ABC,321,344971.0
2024-04-22,09:18:30,ABC,1128,346099.0
2024-04-22,09:18:31,ABC,1631,347730.0
2024-04-22,09:18:32,ABC,859,348589.0
2024-04-22,09:18:33,ABC,1017,349606.0
2024-04-22,09:18:34,ABC,476,350082.0
2024-04-22,09:18:35,ABC,632,350714.0
2024-04-22,09:18:36,ABC,1761,352475.0
2024-04-22,09:18:37,ABC,528,353003.0
2024-04-22,09:18:38,ABC,1054,354057.0
2024-04-22,09:18:39,ABC,360,354417.0
2024-04-22,09:18:40,ABC,593,355010.0
2024-04-22,09:18:41,ABC,3529,358539.0
2024-04-22,09:18:42,ABC,370,358909.0
2024-04-22,09:18:43,ABC,4248,363157.0
2024-04-22,09:18:44,ABC,2526,365683.0
2024-04-22,09:18:45,ABC,278,365961.0
2024-04-22,09:18:46,ABC,479,366440.0
2024-04-22,09:18:47,ABC,140,366580.0
2024-04-22,09:18:48,ABC,736,367316.0
2024-04-22,09:18:49,ABC,309,367625.0
2024-04-22,09:18:50,ABC,453,368078.0
2024-04-22,09:18:51,ABC,770,368848.0
2024-04-22,09:18:52,ABC,72,368920.0
2024-04-22,09:18:53,ABC,732,369652.0
2024-04-22,09:18:54,ABC,252,369904.0
2024-04-22,09:18:55,ABC,100,370004.0
2024-04-22,09:18:56,ABC,701,370705.0
2024-04-22,09:18:57,ABC,1694,372399.0
2024-04-22,09:18:58,ABC,846,373245.0
2024-04-22,09:18:59,ABC,823,374068.0
2024-04-22,09:19:00,ABC,493,374561.0
2024-04-22,09:19:01,ABC,530,375091.0
2024-04-22,09:19:02,ABC,470,375561.0
2024-04-22,09:19:03,ABC,328,375889.0
2024-04-22,09:19:04,ABC,157,376046.0
2024-04-22,09:19:05,ABC,0,376046.0
2024-04-22,09:19:06,ABC,132,376178.0
2024-04-22,09:19:07,ABC,5,376183.0
2024-04-22,09:19:08,ABC,4672,380855.0
2024-04-22,09:19:09,ABC,249,381104.0
2024-04-22,09:19:10,ABC,4714,385818.0
2024-04-22,09:19:11,ABC,849,386667.0
2024-04-22,09:19:12,ABC,1358,388025.0
2024-04-22,09:19:13,ABC,13909,401934.0
2024-04-22,09:19:14,ABC,450,402384.0
2024-04-22,09:19:15,ABC,968,403352.0
2024-04-22,09:19:16,ABC,128,403480.0
2024-04-22,09:19:17,ABC,220,403700.0
2024-04-22,09:19:18,ABC,295,403995.0
2024-04-22,09:19:19,ABC,3,403998.0
2024-04-22,09:19:20,ABC,27,404025.0
2024-04-22,09:19:21,ABC,122,404147.0
2024-04-22,09:19:22,ABC,239,404386.0
2024-04-22,09:19:23,ABC,560,404946.0
2024-04-22,09:19:24,ABC,683,405629.0
2024-04-22,09:19:25,ABC,230,405859.0
2024-04-22,09:19:26,ABC,1522,407381.0
2024-04-22,09:19:27,ABC,772,408153.0
2024-04-22,09:19:28,ABC,2716,410869.0
2024-04-22,09:19:29,ABC,100,410969.0
2024-04-22,09:19:30,ABC,592,411561.0
2024-04-22,09:19:31,ABC,108,411669.0
2024-04-22,09:19:32,ABC,8279,419948.0
2024-04-22,09:19:33,ABC,750,420698.0
2024-04-22,09:19:34,ABC,0,420698.0
2024-04-22,09:19:35,ABC,4105,424803.0
2024-04-22,09:19:36,ABC,281,425084.0
2024-04-22,09:19:37,ABC,323,425407.0
2024-04-22,09:19:38,ABC,20,425427.0
2024-04-22,09:19:39,ABC,1336,426763.0
2024-04-22,09:19:40,ABC,21,426784.0
2024-04-22,09:19:41,ABC,48,426832.0
2024-04-22,09:19:42,ABC,113,426945.0
2024-04-22,09:19:43,ABC,425,427370.0
2024-04-22,09:19:44,ABC,355,427725.0
2024-04-22,09:19:45,ABC,730,428455.0
2024-04-22,09:19:46,ABC,105,428560.0
2024-04-22,09:19:47,ABC,1,428561.0
2024-04-22,09:19:48,ABC,2450,431011.0
2024-04-22,09:19:49,ABC,20,431031.0
2024-04-22,09:19:50,ABC,24,431055.0
2024-04-22,09:19:51,ABC,39,431094.0
2024-04-22,09:19:52,ABC,115,431209.0
2024-04-22,09:19:53,ABC,54,431263.0
2024-04-22,09:19:54,ABC,406,431669.0
2024-04-22,09:19:55,ABC,100,431769.0
2024-04-22,09:19:56,ABC,3,431772.0
2024-04-22,09:19:57,ABC,2486,434258.0
2024-04-22,09:19:58,ABC,250,434508.0
2024-04-22,09:19:59,ABC,10,434518.0
2024-04-22,09:20:00,ABC,7,434525.0
2024-04-22,09:20:01,ABC,6,434531.0
2024-04-22,09:20:02,ABC,198,434729.0
2024-04-22,09:20:03,ABC,203,434932.0
2024-04-22,09:20:04,ABC,143,435075.0
2024-04-22,09:20:05,ABC,0,435075.0
2024-04-22,09:20:06,ABC,216,435291.0
2024-04-22,09:20:07,ABC,0,435291.0
2024-04-22,09:20:08,ABC,210,435501.0
2024-04-22,09:20:09,ABC,353,435854.0
2024-04-22,09:20:10,ABC,6,435860.0
2024-04-22,09:20:11,ABC,3492,439352.0
2024-04-22,09:20:12,ABC,813,440165.0
2024-04-22,09:20:13,ABC,2160,442325.0
2024-04-22,09:20:14,ABC,527,442852.0
2024-04-22,09:20:15,ABC,300,443152.0
2024-04-22,09:20:16,ABC,237,443389.0
2024-04-22,09:20:17,ABC,4486,447875.0
2024-04-22,09:20:18,ABC,0,447875.0
2024-04-22,09:20:19,ABC,578,448453.0
2024-04-22,09:20:20,ABC,571,449024.0
2024-04-22,09:20:21,ABC,4902,453926.0
2024-04-22,09:20:22,ABC,9292,463218.0
2024-04-22,09:20:23,ABC,111,463329.0
2024-04-22,09:20:24,ABC,10,463339.0
2024-04-22,09:20:25,ABC,4331,467670.0
2024-04-22,09:20:26,ABC,540,468210.0
2024-04-22,09:20:27,ABC,567,468777.0
2024-04-22,09:20:28,ABC,0,468777.0
2024-04-22,09:20:29,ABC,510,469287.0
2024-04-22,09:20:30,ABC,8,469295.0
2024-04-22,09:20:31,ABC,238,469533.0
2024-04-22,09:20:32,ABC,80,469613.0
2024-04-22,09:20:33,ABC,177,469790.0
2024-04-22,09:20:34,ABC,1011,470801.0
2024-04-22,09:20:35,ABC,5,470806.0
2024-04-22,09:20:36,ABC,0,470806.0
2024-04-22,09:20:37,ABC,16460,487266.0
2024-04-22,09:20:38,ABC,971,488237.0
2024-04-22,09:20:39,ABC,4054,492291.0
2024-04-22,09:20:40,ABC,112,492403.0
2024-04-22,09:20:41,ABC,113,492516.0
2024-04-22,09:20:42,ABC,2,492518.0
2024-04-22,09:20:43,ABC,199,492717.0
2024-04-22,09:20:44,ABC,38,492755.0
2024-04-22,09:20:45,ABC,517,493272.0
2024-04-22,09:20:46,ABC,0,493272.0
2024-04-22,09:20:47,ABC,5501,498773.0
2024-04-22,09:20:48,ABC,16506,515279.0
2024-04-22,09:20:49,ABC,1,515280.0
2024-04-22,09:20:50,ABC,3798,519078.0
2024-04-22,09:20:51,ABC,285,519363.0
2024-04-22,09:20:52,ABC,1448,520811.0
2024-04-22,09:20:53,ABC,293,521104.0
2024-04-22,09:20:54,ABC,1353,522457.0
2024-04-22,09:20:55,ABC,935,523392.0
2024-04-22,09:20:56,ABC,134,523526.0
2024-04-22,09:20:57,ABC,420,523946.0
2024-04-22,09:20:58,ABC,2209,526155.0
2024-04-22,09:20:59,ABC,46,526201.0
2024-04-22,09:21:00,ABC,289,526490.0
2024-04-22,09:21:01,ABC,383,526873.0
2024-04-22,09:21:02,ABC,125,526998.0
2024-04-22,09:21:03,ABC,383,527381.0
2024-04-22,09:21:04,ABC,0,527381.0
2024-04-22,09:21:05,ABC,53,527434.0
2024-04-22,09:21:06,ABC,525,527959.0
2024-04-22,09:21:07,ABC,57,528016.0
2024-04-22,09:21:08,ABC,236,528252.0
2024-04-22,09:21:09,ABC,103,528355.0
2024-04-22,09:21:10,ABC,286,528641.0
2024-04-22,09:21:11,ABC,1,528642.0
2024-04-22,09:21:12,ABC,163,528805.0
2024-04-22,09:21:13,ABC,397,529202.0
2024-04-22,09:21:14,ABC,434,529636.0
2024-04-22,09:21:15,ABC,48,529684.0
2024-04-22,09:21:16,ABC,250,529934.0
2024-04-22,09:21:17,ABC,110,530044.0
2024-04-22,09:21:18,ABC,669,530713.0
2024-04-22,09:21:19,ABC,126,530839.0
2024-04-22,09:21:20,ABC,94,530933.0
2024-04-22,09:21:21,ABC,229,531162.0
2024-04-22,09:21:22,ABC,230,531392.0
2024-04-22,09:21:23,ABC,405,531797.0
2024-04-22,09:21:24,ABC,0,531797.0
2024-04-22,09:21:25,ABC,60,531857.0
2024-04-22,09:21:26,ABC,31,531888.0
2024-04-22,09:21:27,ABC,1031,532919.0
2024-04-22,09:21:28,ABC,350,533269.0
2024-04-22,09:21:29,ABC,504,533773.0
2024-04-22,09:21:30,ABC,298,534071.0
2024-04-22,09:21:31,ABC,320,534391.0
2024-04-22,09:21:32,ABC,20,534411.0
2024-04-22,09:21:33,ABC,1769,536180.0
2024-04-22,09:21:34,ABC,70,536250.0
2024-04-22,09:21:35,ABC,0,536250.0
2024-04-22,09:21:36,ABC,323,536573.0
2024-04-22,09:21:37,ABC,1,536574.0
2024-04-22,09:21:38,ABC,233,536807.0
2024-04-22,09:21:39,ABC,566,537373.0
2024-04-22,09:21:40,ABC,190,537563.0
2024-04-22,09:21:41,ABC,157,537720.0
2024-04-22,09:21:42,ABC,0,537720.0
2024-04-22,09:21:43,ABC,411,538131.0
2024-04-22,09:21:44,ABC,0,538131.0
2024-04-22,09:21:45,ABC,1176,539307.0
2024-04-22,09:21:46,ABC,0,539307.0
2024-04-22,09:21:47,ABC,11,539318.0
2024-04-22,09:21:48,ABC,2,539320.0
2024-04-22,09:21:49,ABC,0,539320.0
2024-04-22,09:21:50,ABC,75,539395.0
2024-04-22,09:21:51,ABC,0,539395.0
2024-04-22,09:21:52,ABC,527,539922.0
2024-04-22,09:21:53,ABC,25,539947.0
2024-04-22,09:21:54,ABC,34,539981.0
2024-04-22,09:21:55,ABC,3818,543799.0
2024-04-22,09:21:56,ABC,10,543809.0
2024-04-22,09:21:57,ABC,105,543914.0
2024-04-22,09:21:58,ABC,236,544150.0
2024-04-22,09:21:59,ABC,25,544175.0
2024-04-22,09:22:00,ABC,10,544185.0
2024-04-22,09:22:01,ABC,1451,545636.0
2024-04-22,09:22:02,ABC,82,545718.0
2024-04-22,09:22:03,ABC,86,545804.0
2024-04-22,09:22:04,ABC,1,545805.0
2024-04-22,09:22:05,ABC,56,545861.0
2024-04-22,09:22:06,ABC,5,545866.0
2024-04-22,09:22:07,ABC,100,545966.0
2024-04-22,09:22:08,ABC,28,545994.0
2024-04-22,09:22:09,ABC,2025,548019.0
2024-04-22,09:22:10,ABC,174,548193.0
2024-04-22,09:22:11,ABC,519,548712.0
2024-04-22,09:22:12,ABC,81,548793.0
2024-04-22,09:22:13,ABC,245,549038.0
2024-04-22,09:22:14,ABC,55,549093.0
2024-04-22,09:22:15,ABC,561,549654.0
2024-04-22,09:22:16,ABC,100,549754.0
2024-04-22,09:22:17,ABC,220,549974.0
2024-04-22,09:22:18,ABC,420,550394.0
2024-04-22,09:22:19,ABC,58,550452.0
2024-04-22,09:22:20,ABC,0,550452.0
2024-04-22,09:22:21,ABC,170,550622.0
2024-04-22,09:22:22,ABC,56,550678.0
2024-04-22,09:22:23,ABC,143,550821.0
2024-04-22,09:22:24,ABC,586,551407.0
2024-04-22,09:22:25,ABC,41,551448.0
2024-04-22,09:22:26,ABC,80,551528.0
2024-04-22,09:22:27,ABC,15,551543.0
2024-04-22,09:22:28,ABC,15,551558.0
2024-04-22,09:22:29,ABC,1120,552678.0
2024-04-22,09:22:30,ABC,45,552723.0
2024-04-22,09:22:31,ABC,9,552732.0
2024-04-22,09:22:32,ABC,0,552732.0
2024-04-22,09:22:33,ABC,500,553232.0
2024-04-22,09:22:34,ABC,99,553331.0
2024-04-22,09:22:35,ABC,400,553731.0
2024-04-22,09:22:36,ABC,108,553839.0
2024-04-22,09:22:37,ABC,0,553839.0
2024-04-22,09:22:38,ABC,230,554069.0
2024-04-22,09:22:39,ABC,25,554094.0
2024-04-22,09:22:40,ABC,55,554149.0
2024-04-22,09:22:41,ABC,2,554151.0
2024-04-22,09:22:42,ABC,52,554203.0
2024-04-22,09:22:43,ABC,1061,555264.0
2024-04-22,09:22:44,ABC,20,555284.0
2024-04-22,09:22:45,ABC,88,555372.0
2024-04-22,09:22:46,ABC,0,555372.0
2024-04-22,09:22:47,ABC,5,555377.0
2024-04-22,09:22:48,ABC,1060,556437.0
2024-04-22,09:22:49,ABC,205,556642.0
2024-04-22,09:22:50,ABC,0,556642.0
2024-04-22,09:22:51,ABC,101,556743.0
2024-04-22,09:22:52,ABC,33,556776.0
2024-04-22,09:22:53,ABC,174,556950.0
2024-04-22,09:22:54,ABC,27,556977.0
2024-04-22,09:22:55,ABC,211,557188.0
2024-04-22,09:22:56,ABC,750,557938.0
2024-04-22,09:22:57,ABC,49,557987.0
2024-04-22,09:22:58,ABC,50,558037.0
2024-04-22,09:22:59,ABC,0,558037.0
2024-04-22,09:23:00,ABC,1,558038.0
2024-04-22,09:23:01,ABC,10,558048.0
2024-04-22,09:23:02,ABC,0,558048.0
2024-04-22,09:23:03,ABC,955,559003.0
2024-04-22,09:23:04,ABC,29424,588427.0
2024-04-22,09:23:05,ABC,694,589121.0
2024-04-22,09:23:06,ABC,1356,590477.0
2024-04-22,09:23:07,ABC,456,590933.0
2024-04-22,09:23:08,ABC,40,590973.0
2024-04-22,09:23:09,ABC,0,590973.0
2024-04-22,09:23:10,ABC,323,591296.0
2024-04-22,09:23:11,ABC,196,591492.0
2024-04-22,09:23:12,ABC,0,591492.0
2024-04-22,09:23:13,ABC,2651,594143.0
2024-04-22,09:23:14,ABC,87,594230.0
2024-04-22,09:23:15,ABC,2919,597149.0
2024-04-22,09:23:16,ABC,30,597179.0
2024-04-22,09:23:17,ABC,0,597179.0
2024-04-22,09:23:18,ABC,26,597205.0
2024-04-22,09:23:19,ABC,259,597464.0
2024-04-22,09:23:20,ABC,101,597565.0
2024-04-22,09:23:21,ABC,1451,599016.0
2024-04-22,09:23:22,ABC,211,599227.0
2024-04-22,09:23:23,ABC,200,599427.0
2024-04-22,09:23:24,ABC,125,599552.0
2024-04-22,09:23:25,ABC,65,599617.0
2024-04-22,09:23:26,ABC,109,599726.0
2024-04-22,09:23:27,ABC,409,600135.0
2024-04-22,09:23:28,ABC,111,600246.0
2024-04-22,09:23:29,ABC,1,600247.0
2024-04-22,09:23:30,ABC,1029,601276.0
2024-04-22,09:23:31,ABC,0,601276.0
2024-04-22,09:23:32,ABC,50,601326.0
2024-04-22,09:23:33,ABC,350,601676.0
2024-04-22,09:23:34,ABC,0,601676.0
2024-04-22,09:23:35,ABC,0,601676.0
2024-04-22,09:23:36,ABC,25,601701.0
2024-04-22,09:23:37,ABC,25,601726.0
2024-04-22,09:23:38,ABC,536,602262.0
2024-04-22,09:23:39,ABC,108,602370.0
2024-04-22,09:23:40,ABC,198,602568.0
2024-04-22,09:23:41,ABC,86,602654.0
2024-04-22,09:23:42,ABC,160,602814.0
2024-04-22,09:23:43,ABC,0,602814.0
2024-04-22,09:23:44,ABC,21,602835.0
2024-04-22,09:23:45,ABC,1,602836.0
2024-04-22,09:23:46,ABC,366,603202.0
2024-04-22,09:23:47,ABC,13,603215.0
2024-04-22,09:23:48,ABC,785,604000.0
2024-04-22,09:23:49,ABC,100,604100.0
2024-04-22,09:23:50,ABC,1083,605183.0
2024-04-22,09:23:51,ABC,56,605239.0
2024-04-22,09:23:52,ABC,100,605339.0
2024-04-22,09:23:53,ABC,25,605364.0
2024-04-22,09:23:54,ABC,168,605532.0
2024-04-22,09:23:55,ABC,101,605633.0
2024-04-22,09:23:56,ABC,14,605647.0
2024-04-22,09:23:57,ABC,0,605647.0
2024-04-22,09:23:58,ABC,109,605756.0
2024-04-22,09:23:59,ABC,0,605756.0
2024-04-22,09:24:00,ABC,702,606458.0
2024-04-22,09:24:01,ABC,140,606598.0
2024-04-22,09:24:02,ABC,133,606731.0
2024-04-22,09:24:03,ABC,80,606811.0
2024-04-22,09:24:04,ABC,971,607782.0
2024-04-22,09:24:05,ABC,0,607782.0
2024-04-22,09:24:06,ABC,489,608271.0
2024-04-22,09:24:07,ABC,25,608296.0
2024-04-22,09:24:08,ABC,10,608306.0
2024-04-22,09:24:09,ABC,118,608424.0
2024-04-22,09:24:10,ABC,150,608574.0
2024-04-22,09:24:11,ABC,15,608589.0
2024-04-22,09:24:12,ABC,3,608592.0
2024-04-22,09:24:13,ABC,0,608592.0
2024-04-22,09:24:14,ABC,1000,609592.0
2024-04-22,09:24:15,ABC,11195,620787.0
2024-04-22,09:24:16,ABC,170,620957.0
2024-04-22,09:24:17,ABC,170,621127.0
2024-04-22,09:24:18,ABC,102,621229.0
2024-04-22,09:24:19,ABC,20,621249.0
2024-04-22,09:24:20,ABC,12207,633456.0
2024-04-22,09:24:21,ABC,584,634040.0
2024-04-22,09:24:22,ABC,375,634415.0
2024-04-22,09:24:23,ABC,0,634415.0
2024-04-22,09:24:24,ABC,135,634550.0
2024-04-22,09:24:25,ABC,574,635124.0
2024-04-22,09:24:26,ABC,177,635301.0
2024-04-22,09:24:27,ABC,396,635697.0
2024-04-22,09:24:28,ABC,734,636431.0
2024-04-22,09:24:29,ABC,112,636543.0
2024-04-22,09:24:30,ABC,71,636614.0
2024-04-22,09:24:31,ABC,6,636620.0
2024-04-22,09:24:32,ABC,0,636620.0
2024-04-22,09:24:33,ABC,4125,640745.0
2024-04-22,09:24:34,ABC,66,640811.0
2024-04-22,09:24:35,ABC,29,640840.0
2024-04-22,09:24:36,ABC,307,641147.0
2024-04-22,09:24:37,ABC,483,641630.0
2024-04-22,09:24:38,ABC,10,641640.0
2024-04-22,09:24:39,ABC,22,641662.0
2024-04-22,09:24:40,ABC,148,641810.0
2024-04-22,09:24:41,ABC,55,641865.0
2024-04-22,09:24:42,ABC,33,641898.0
2024-04-22,09:24:43,ABC,244,642142.0
2024-04-22,09:24:44,ABC,136,642278.0
2024-04-22,09:24:45,ABC,120,642398.0
2024-04-22,09:24:46,ABC,55,642453.0
2024-04-22,09:24:47,ABC,0,642453.0
2024-04-22,09:24:48,ABC,0,642453.0
2024-04-22,09:24:49,ABC,0,642453.0
2024-04-22,09:24:50,ABC,15,642468.0
2024-04-22,09:24:51,ABC,0,642468.0
2024-04-22,09:24:52,ABC,150,642618.0
2024-04-22,09:24:53,ABC,200,642818.0
2024-04-22,09:24:54,ABC,0,642818.0
2024-04-22,09:24:55,ABC,115,642933.0
2024-04-22,09:24:56,ABC,0,642933.0
2024-04-22,09:24:57,ABC,10,642943.0
2024-04-22,09:24:58,ABC,0,642943.0
2024-04-22,09:24:59,ABC,6,642949.0
2024-04-22,09:25:00,ABC,0,642949.0
2024-04-22,09:25:01,ABC,2404,645353.0
2024-04-22,09:25:02,ABC,256,645609.0
2024-04-22,09:25:03,ABC,0,645609.0
2024-04-22,09:25:04,ABC,21,645630.0
2024-04-22,09:25:05,ABC,10,645640.0
2024-04-22,09:25:06,ABC,18,645658.0
2024-04-22,09:25:07,ABC,70,645728.0
2024-04-22,09:25:08,ABC,505,646233.0
2024-04-22,09:25:09,ABC,19,646252.0
2024-04-22,09:25:10,ABC,66,646318.0
2024-04-22,09:25:11,ABC,101,646419.0
2024-04-22,09:25:12,ABC,250,646669.0
2024-04-22,09:25:13,ABC,0,646669.0
2024-04-22,09:25:14,ABC,765,647434.0
2024-04-22,09:25:15,ABC,0,647434.0
2024-04-22,09:25:16,ABC,1400,648834.0
2024-04-22,09:25:17,ABC,2,648836.0
2024-04-22,09:25:18,ABC,135,648971.0
2024-04-22,09:25:19,ABC,102,649073.0
2024-04-22,09:25:20,ABC,505,649578.0
2024-04-22,09:25:21,ABC,10,649588.0
2024-04-22,09:25:22,ABC,311,649899.0
2024-04-22,09:25:23,ABC,8,649907.0
2024-04-22,09:25:24,ABC,0,649907.0
2024-04-22,09:25:25,ABC,51,649958.0
2024-04-22,09:25:26,ABC,0,649958.0
2024-04-22,09:25:27,ABC,10,649968.0
2024-04-22,09:25:28,ABC,500,650468.0
2024-04-22,09:25:29,ABC,10,650478.0
2024-04-22,09:25:30,ABC,196,650674.0
2024-04-22,09:25:31,ABC,30,650704.0
2024-04-22,09:25:32,ABC,952,651656.0
2024-04-22,09:25:33,ABC,1,651657.0
2024-04-22,09:25:34,ABC,47,651704.0
2024-04-22,09:25:35,ABC,100,651804.0
2024-04-22,09:25:36,ABC,7,651811.0
2024-04-22,09:25:37,ABC,71,651882.0
2024-04-22,09:25:38,ABC,10,651892.0
2024-04-22,09:25:39,ABC,0,651892.0
2024-04-22,09:25:40,ABC,671,652563.0
2024-04-22,09:25:41,ABC,1,652564.0
2024-04-22,09:25:42,ABC,180,652744.0
2024-04-22,09:25:43,ABC,501,653245.0
2024-04-22,09:25:44,ABC,11,653256.0
2024-04-22,09:25:45,ABC,3,653259.0
2024-04-22,09:25:46,ABC,0,653259.0
2024-04-22,09:25:47,ABC,26,653285.0
2024-04-22,09:25:48,ABC,8,653293.0
2024-04-22,09:25:49,ABC,0,653293.0
2024-04-22,09:25:50,ABC,0,653293.0
2024-04-22,09:25:51,ABC,100,653393.0
2024-04-22,09:25:52,ABC,100,653493.0
2024-04-22,09:25:53,ABC,163,653656.0
2024-04-22,09:25:54,ABC,0,653656.0
2024-04-22,09:25:55,ABC,150,653806.0
2024-04-22,09:25:56,ABC,131,653937.0
2024-04-22,09:25:57,ABC,126,654063.0
2024-04-22,09:25:58,ABC,0,654063.0
2024-04-22,09:25:59,ABC,5003,659066.0
2024-04-22,09:26:00,ABC,105,659171.0
2024-04-22,09:26:01,ABC,811,659982.0
2024-04-22,09:26:02,ABC,114,660096.0
2024-04-22,09:26:03,ABC,0,660096.0
2024-04-22,09:26:04,ABC,181,660277.0
2024-04-22,09:26:05,ABC,1181,661458.0
2024-04-22,09:26:06,ABC,175,661633.0
2024-04-22,09:26:07,ABC,268,661901.0
2024-04-22,09:26:08,ABC,26,661927.0
2024-04-22,09:26:09,ABC,511,662438.0
2024-04-22,09:26:10,ABC,40,662478.0
2024-04-22,09:26:11,ABC,237,662715.0
2024-04-22,09:26:12,ABC,1,662716.0
2024-04-22,09:26:13,ABC,55,662771.0
2024-04-22,09:26:14,ABC,200,662971.0
2024-04-22,09:26:15,ABC,21,662992.0
2024-04-22,09:26:16,ABC,358,663350.0
2024-04-22,09:26:17,ABC,110,663460.0
2024-04-22,09:26:18,ABC,15,663475.0
2024-04-22,09:26:19,ABC,200,663675.0
2024-04-22,09:26:20,ABC,595,664270.0
2024-04-22,09:26:21,ABC,250,664520.0
2024-04-22,09:26:22,ABC,580,665100.0
2024-04-22,09:26:23,ABC,184,665284.0
2024-04-22,09:26:24,ABC,284,665568.0
2024-04-22,09:26:25,ABC,879,666447.0
2024-04-22,09:26:26,ABC,68,666515.0
2024-04-22,09:26:27,ABC,2,666517.0
2024-04-22,09:26:28,ABC,210,666727.0
2024-04-22,09:26:29,ABC,25,666752.0
2024-04-22,09:26:30,ABC,160,666912.0
2024-04-22,09:26:31,ABC,30,666942.0
2024-04-22,09:26:32,ABC,11,666953.0
2024-04-22,09:26:33,ABC,78,667031.0
2024-04-22,09:26:34,ABC,768,667799.0
2024-04-22,09:26:35,ABC,3482,671281.0
2024-04-22,09:26:36,ABC,135,671416.0
2024-04-22,09:26:37,ABC,118,671534.0
2024-04-22,09:26:38,ABC,240,671774.0
2024-04-22,09:26:39,ABC,67,671841.0
2024-04-22,09:26:40,ABC,1704,673545.0
2024-04-22,09:26:41,ABC,25,673570.0
2024-04-22,09:26:42,ABC,65,673635.0
2024-04-22,09:26:43,ABC,45,673680.0
2024-04-22,09:26:44,ABC,10,673690.0
2024-04-22,09:26:45,ABC,0,673690.0
2024-04-22,09:26:46,ABC,1338,675028.0
2024-04-22,09:26:47,ABC,116,675144.0
2024-04-22,09:26:48,ABC,53,675197.0
2024-04-22,09:26:49,ABC,5,675202.0
2024-04-22,09:26:50,ABC,2,675204.0
2024-04-22,09:26:51,ABC,151,675355.0
2024-04-22,09:26:52,ABC,412,675767.0
2024-04-22,09:26:53,ABC,552,676319.0
2024-04-22,09:26:54,ABC,75,676394.0
2024-04-22,09:26:55,ABC,0,676394.0
2024-04-22,09:26:56,ABC,7,676401.0
2024-04-22,09:26:57,ABC,41,676442.0
2024-04-22,09:26:58,ABC,5,676447.0
2024-04-22,09:26:59,ABC,25,676472.0
2024-04-22,09:27:00,ABC,0,676472.0
2024-04-22,09:27:01,ABC,200,676672.0
2024-04-22,09:27:02,ABC,0,676672.0
2024-04-22,09:27:03,ABC,30,676702.0
2024-04-22,09:27:04,ABC,319,677021.0
2024-04-22,09:27:05,ABC,9,677030.0
2024-04-22,09:27:06,ABC,6,677036.0
2024-04-22,09:27:07,ABC,300,677336.0
2024-04-22,09:27:08,ABC,5569,682905.0
2024-04-22,09:27:09,ABC,28,682933.0
2024-04-22,09:27:10,ABC,105,683038.0
2024-04-22,09:27:11,ABC,200,683238.0
2024-04-22,09:27:12,ABC,89,683327.0
2024-04-22,09:27:13,ABC,91,683418.0
2024-04-22,09:27:14,ABC,85,683503.0
2024-04-22,09:27:15,ABC,61,683564.0
2024-04-22,09:27:16,ABC,127,683691.0
2024-04-22,09:27:17,ABC,478,684169.0
2024-04-22,09:27:18,ABC,2450,686619.0
2024-04-22,09:27:19,ABC,2,686621.0
2024-04-22,09:27:20,ABC,2322,688943.0
2024-04-22,09:27:21,ABC,2239,691182.0
2024-04-22,09:27:22,ABC,103,691285.0
2024-04-22,09:27:23,ABC,2005,693290.0
2024-04-22,09:27:24,ABC,2,693292.0
2024-04-22,09:27:25,ABC,2158,695450.0
2024-04-22,09:27:26,ABC,208,695658.0
2024-04-22,09:27:27,ABC,0,695658.0
2024-04-22,09:27:28,ABC,218,695876.0
2024-04-22,09:27:29,ABC,1360,697236.0
2024-04-22,09:27:30,ABC,3100,700336.0
2024-04-22,09:27:31,ABC,688,701024.0
2024-04-22,09:27:32,ABC,0,701024.0
2024-04-22,09:27:33,ABC,340,701364.0
2024-04-22,09:27:34,ABC,1635,702999.0
2024-04-22,09:27:35,ABC,193,703192.0
2024-04-22,09:27:36,ABC,101,703293.0
2024-04-22,09:27:37,ABC,579,703872.0
2024-04-22,09:27:38,ABC,561,704433.0
2024-04-22,09:27:39,ABC,111,704544.0
2024-04-22,09:27:40,ABC,77,704621.0
2024-04-22,09:27:41,ABC,0,704621.0
2024-04-22,09:27:42,ABC,2173,706794.0
2024-04-22,09:27:43,ABC,1194,707988.0
2024-04-22,09:27:44,ABC,118,708106.0
2024-04-22,09:27:45,ABC,279,708385.0
2024-04-22,09:27:46,ABC,80,708465.0
2024-04-22,09:27:47,ABC,622,709087.0
2024-04-22,09:27:48,ABC,125,709212.0
2024-04-22,09:27:49,ABC,245,709457.0
2024-04-22,09:27:50,ABC,703,710160.0
2024-04-22,09:27:51,ABC,723,710883.0
2024-04-22,09:27:52,ABC,0,710883.0
2024-04-22,09:27:53,ABC,96,710979.0
2024-04-22,09:27:54,ABC,123,711102.0
2024-04-22,09:27:55,ABC,197,711299.0
2024-04-22,09:27:56,ABC,500,711799.0
2024-04-22,09:27:57,ABC,334,712133.0
2024-04-22,09:27:58,ABC,337,712470.0
2024-04-22,09:27:59,ABC,615,713085.0
2024-04-22,09:28:00,ABC,13,713098.0
2024-04-22,09:28:01,ABC,402,713500.0
2024-04-22,09:28:02,ABC,1479,714979.0
2024-04-22,09:28:03,ABC,70,715049.0
2024-04-22,09:28:04,ABC,1298,716347.0
2024-04-22,09:28:05,ABC,0,716347.0
2024-04-22,09:28:06,ABC,20,716367.0
2024-04-22,09:28:07,ABC,316,716683.0
2024-04-22,09:28:08,ABC,500,717183.0
2024-04-22,09:28:09,ABC,27,717210.0
2024-04-22,09:28:10,ABC,80,717290.0
2024-04-22,09:28:11,ABC,7145,724435.0
2024-04-22,09:28:12,ABC,225,724660.0
2024-04-22,09:28:13,ABC,50,724710.0
2024-04-22,09:28:14,ABC,205,724915.0
2024-04-22,09:28:15,ABC,0,724915.0
2024-04-22,09:28:16,ABC,255,725170.0
2024-04-22,09:28:17,ABC,843,726013.0
2024-04-22,09:28:18,ABC,0,726013.0
2024-04-22,09:28:19,ABC,32,726045.0
2024-04-22,09:28:20,ABC,1,726046.0
2024-04-22,09:28:21,ABC,0,726046.0
2024-04-22,09:28:22,ABC,306,726352.0
2024-04-22,09:28:23,ABC,1,726353.0
2024-04-22,09:28:24,ABC,0,726353.0
2024-04-22,09:28:25,ABC,0,726353.0
2024-04-22,09:28:26,ABC,21,726374.0
2024-04-22,09:28:27,ABC,2,726376.0
2024-04-22,09:28:28,ABC,688,727064.0
2024-04-22,09:28:29,ABC,1,727065.0
2024-04-22,09:28:30,ABC,350,727415.0
2024-04-22,09:28:31,ABC,4835,732250.0
2024-04-22,09:28:32,ABC,9,732259.0
2024-04-22,09:28:33,ABC,147,732406.0
2024-04-22,09:28:34,ABC,277,732683.0
2024-04-22,09:28:35,ABC,794,733477.0
2024-04-22,09:28:36,ABC,133,733610.0
2024-04-22,09:28:37,ABC,355,733965.0
2024-04-22,09:28:38,ABC,2,733967.0
2024-04-22,09:28:39,ABC,0,733967.0
2024-04-22,09:28:40,ABC,556,734523.0
2024-04-22,09:28:41,ABC,802,735325.0
2024-04-22,09:28:42,ABC,0,735325.0
2024-04-22,09:28:43,ABC,6517,741842.0
2024-04-22,09:28:44,ABC,495,742337.0
2024-04-22,09:28:45,ABC,59,742396.0
2024-04-22,09:28:46,ABC,126,742522.0
2024-04-22,09:28:47,ABC,615,743137.0
2024-04-22,09:28:48,ABC,0,743137.0
2024-04-22,09:28:49,ABC,234,743371.0
2024-04-22,09:28:50,ABC,0,743371.0
2024-04-22,09:28:51,ABC,40,743411.0
2024-04-22,09:28:52,ABC,2715,746126.0
2024-04-22,09:28:53,ABC,129,746255.0
2024-04-22,09:28:54,ABC,118,746373.0
2024-04-22,09:28:55,ABC,124,746497.0
2024-04-22,09:28:56,ABC,1,746498.0
2024-04-22,09:28:57,ABC,142,746640.0
2024-04-22,09:28:58,ABC,40,746680.0
2024-04-22,09:28:59,ABC,0,746680.0
2024-04-22,09:29:00,ABC,10,746690.0
2024-04-22,09:29:01,ABC,0,746690.0
2024-04-22,09:29:02,ABC,300,746990.0
2024-04-22,09:29:03,ABC,55,747045.0
2024-04-22,09:29:04,ABC,35,747080.0
2024-04-22,09:29:05,ABC,1000,748080.0
2024-04-22,09:29:06,ABC,416,748496.0
2024-04-22,09:29:07,ABC,18,748514.0
2024-04-22,09:29:08,ABC,0,748514.0
2024-04-22,09:29:09,ABC,35,748549.0
2024-04-22,09:29:10,ABC,2,748551.0
2024-04-22,09:29:11,ABC,242,748793.0
2024-04-22,09:29:12,ABC,400,749193.0
2024-04-22,09:29:13,ABC,146,749339.0
2024-04-22,09:29:14,ABC,28,749367.0
2024-04-22,09:29:15,ABC,60,749427.0
2024-04-22,09:29:16,ABC,1732,751159.0
2024-04-22,09:29:17,ABC,350,751509.0
2024-04-22,09:29:18,ABC,0,751509.0
2024-04-22,09:29:19,ABC,0,751509.0
2024-04-22,09:29:20,ABC,33,751542.0
2024-04-22,09:29:21,ABC,496,752038.0
2024-04-22,09:29:22,ABC,0,752038.0
2024-04-22,09:29:23,ABC,46,752084.0
2024-04-22,09:29:24,ABC,200,752284.0
2024-04-22,09:29:25,ABC,0,752284.0
2024-04-22,09:29:26,ABC,0,752284.0
2024-04-22,09:29:27,ABC,14,752298.0
2024-04-22,09:29:28,ABC,50,752348.0
2024-04-22,09:29:29,ABC,0,752348.0
2024-04-22,09:29:30,ABC,21,752369.0
2024-04-22,09:29:31,ABC,66,752435.0
2024-04-22,09:29:32,ABC,0,752435.0
2024-04-22,09:29:33,ABC,645,753080.0
2024-04-22,09:29:34,ABC,0,753080.0
2024-04-22,09:29:35,ABC,2155,755235.0
2024-04-22,09:29:36,ABC,217,755452.0
2024-04-22,09:29:37,ABC,17,755469.0
2024-04-22,09:29:38,ABC,200,755669.0
2024-04-22,09:29:39,ABC,3,755672.0
2024-04-22,09:29:40,ABC,1,755673.0
2024-04-22,09:29:41,ABC,69,755742.0
2024-04-22,09:29:42,ABC,1,755743.0
2024-04-22,09:29:43,ABC,2,755745.0
2024-04-22,09:29:44,ABC,377,756122.0
2024-04-22,09:29:45,ABC,0,756122.0
2024-04-22,09:29:46,ABC,151,756273.0
2024-04-22,09:29:47,ABC,116,756389.0
2024-04-22,09:29:48,ABC,17,756406.0
2024-04-22,09:29:49,ABC,227,756633.0
2024-04-22,09:29:50,ABC,2,756635.0
2024-04-22,09:29:51,ABC,120,756755.0
2024-04-22,09:29:52,ABC,105,756860.0
2024-04-22,09:29:53,ABC,0,756860.0
2024-04-22,09:29:54,ABC,190,757050.0
2024-04-22,09:29:55,ABC,0,757050.0
2024-04-22,09:29:56,ABC,0,757050.0
2024-04-22,09:29:57,ABC,10,757060.0
2024-04-22,09:29:58,ABC,7,757067.0
2024-04-22,09:29:59,ABC,0,757067.0
2024-04-22,09:30:00,ABC,42,757109.0
2024-04-22,09:30:01,ABC,0,757109.0
2024-04-22,09:30:02,ABC,0,757109.0
2024-04-22,09:30:03,ABC,69,757178.0
2024-04-22,09:30:04,ABC,23,757201.0
2024-04-22,09:30:05,ABC,0,757201.0
2024-04-22,09:30:06,ABC,0,757201.0
2024-04-22,09:30:07,ABC,0,757201.0
2024-04-22,09:30:08,ABC,0,757201.0
2024-04-22,09:30:09,ABC,0,757201.0
2024-04-22,09:30:10,ABC,0,757201.0
2024-04-22,09:30:11,ABC,0,757201.0
2024-04-22,09:30:12,ABC,0,757201.0
2024-04-22,09:30:13,ABC,5914,763115.0
2024-04-22,09:30:14,ABC,0,763115.0
2024-04-22,09:30:15,ABC,0,763115.0
2024-04-22,09:30:16,ABC,0,763115.0
2024-04-22,09:30:17,ABC,0,763115.0
2024-04-22,09:30:18,ABC,0,763115.0
2024-04-22,09:30:19,ABC,0,763115.0
2024-04-22,09:30:20,ABC,0,763115.0
2024-04-22,09:30:21,ABC,0,763115.0
2024-04-22,09:30:22,ABC,1361,764476.0
2024-04-22,09:30:23,ABC,0,764476.0
2024-04-22,09:30:24,ABC,0,764476.0
2024-04-22,09:30:25,ABC,0,764476.0
2024-04-22,09:30:26,ABC,0,764476.0
2024-04-22,09:30:27,ABC,0,764476.0
2024-04-22,09:30:28,ABC,0,764476.0
2024-04-22,09:30:29,ABC,0,764476.0
2024-04-22,09:30:30,ABC,7047,771523.0
2024-04-22,09:30:31,ABC,0,771523.0
2024-04-22,09:30:32,ABC,0,771523.0
2024-04-22,09:30:33,ABC,0,771523.0
2024-04-22,09:30:34,ABC,0,771523.0
2024-04-22,09:30:35,ABC,0,771523.0
2024-04-22,09:30:36,ABC,0,771523.0
2024-04-22,09:30:37,ABC,0,771523.0
2024-04-22,09:30:38,ABC,2032,773555.0
2024-04-22,09:30:39,ABC,0,773555.0
2024-04-22,09:30:40,ABC,0,773555.0
2024-04-22,09:30:41,ABC,0,773555.0
2024-04-22,09:30:42,ABC,0,773555.0
2024-04-22,09:30:43,ABC,0,773555.0
2024-04-22,09:30:44,ABC,0,773555.0
2024-04-22,09:30:45,ABC,0,773555.0
2024-04-22,09:30:46,ABC,6673,780228.0
2024-04-22,09:30:47,ABC,0,780228.0
2024-04-22,09:30:48,ABC,0,780228.0
2024-04-22,09:30:49,ABC,0,780228.0
2024-04-22,09:30:50,ABC,0,780228.0
2024-04-22,09:30:51,ABC,0,780228.0
2024-04-22,09:30:52,ABC,0,780228.0
2024-04-22,09:30:53,ABC,353,780581.0
2024-04-22,09:30:54,ABC,0,780581.0
2024-04-22,09:30:55,ABC,0,780581.0
2024-04-22,09:30:56,ABC,0,780581.0
2024-04-22,09:30:57,ABC,0,780581.0
2024-04-22,09:30:58,ABC,0,780581.0
2024-04-22,09:30:59,ABC,0,780581.0
2024-04-22,09:31:00,ABC,0,780581.0
2024-04-22,09:31:01,ABC,444,781025.0
2024-04-22,09:31:02,ABC,0,781025.0
2024-04-22,09:31:03,ABC,0,781025.0
2024-04-22,09:31:04,ABC,0,781025.0
2024-04-22,09:31:05,ABC,0,781025.0
2024-04-22,09:31:06,ABC,2445,783470.0
2024-04-22,09:31:07,ABC,115,783585.0
2024-04-22,09:31:08,ABC,51,783636.0
2024-04-22,09:31:09,ABC,58,783694.0
2024-04-22,09:31:10,ABC,26,783720.0
2024-04-22,09:31:11,ABC,20,783740.0
2024-04-22,09:31:12,ABC,17,783757.0
2024-04-22,09:31:13,ABC,0,783757.0
2024-04-22,09:31:14,ABC,0,783757.0
2024-04-22,09:31:15,ABC,313,784070.0
2024-04-22,09:31:16,ABC,495,784565.0
2024-04-22,09:31:17,ABC,30,784595.0
2024-04-22,09:31:18,ABC,0,784595.0
2024-04-22,09:31:19,ABC,0,784595.0
2024-04-22,09:31:20,ABC,275,784870.0
2024-04-22,09:31:21,ABC,510,785380.0
2024-04-22,09:31:22,ABC,0,785380.0
2024-04-22,09:31:23,ABC,0,785380.0
2024-04-22,09:31:24,ABC,0,785380.0
2024-04-22,09:31:25,ABC,0,785380.0
2024-04-22,09:31:26,ABC,39,785419.0
2024-04-22,09:31:27,ABC,21,785440.0
2024-04-22,09:31:28,ABC,10,785450.0
2024-04-22,09:31:29,ABC,17,785467.0
2024-04-22,09:31:30,ABC,0,785467.0
2024-04-22,09:31:31,ABC,646,786113.0
2024-04-22,09:31:32,ABC,2434,788547.0
2024-04-22,09:31:33,ABC,43,788590.0
2024-04-22,09:31:34,ABC,58,788648.0
2024-04-22,09:31:35,ABC,500,789148.0
2024-04-22,09:31:36,ABC,49,789197.0
2024-04-22,09:31:37,ABC,10,789207.0
2024-04-22,09:31:38,ABC,0,789207.0
2024-04-22,09:31:39,ABC,25,789232.0
2024-04-22,09:31:40,ABC,5,789237.0
2024-04-22,09:31:41,ABC,2,789239.0
2024-04-22,09:31:42,ABC,336,789575.0
2024-04-22,09:31:43,ABC,0,789575.0
2024-04-22,09:31:44,ABC,1,789576.0
2024-04-22,09:31:45,ABC,0,789576.0
2024-04-22,09:31:46,ABC,1,789577.0
2024-04-22,09:31:47,ABC,40,789617.0
2024-04-22,09:31:48,ABC,1,789618.0
2024-04-22,09:31:49,ABC,2,789620.0
2024-04-22,09:31:50,ABC,320,789940.0
2024-04-22,09:31:51,ABC,13,789953.0
2024-04-22,09:31:52,ABC,16,789969.0
2024-04-22,09:31:53,ABC,2701,792670.0
2024-04-22,09:31:54,ABC,0,792670.0
2024-04-22,09:31:55,ABC,0,792670.0
2024-04-22,09:31:56,ABC,5,792675.0
2024-04-22,09:31:57,ABC,0,792675.0
2024-04-22,09:31:58,ABC,0,792675.0
2024-04-22,09:31:59,ABC,0,792675.0
2024-04-22,09:32:00,ABC,26,792701.0
2024-04-22,09:32:01,ABC,53,792754.0
2024-04-22,09:32:02,ABC,10,792764.0
2024-04-22,09:32:03,ABC,84,792848.0
2024-04-22,09:32:04,ABC,3,792851.0
2024-04-22,09:32:05,ABC,0,792851.0
2024-04-22,09:32:06,ABC,0,792851.0
2024-04-22,09:32:07,ABC,0,792851.0
2024-04-22,09:32:08,ABC,0,792851.0
2024-04-22,09:32:09,ABC,0,792851.0
2024-04-22,09:32:10,ABC,0,792851.0
2024-04-22,09:32:11,ABC,0,792851.0
2024-04-22,09:32:12,ABC,349,793200.0
2024-04-22,09:32:13,ABC,0,793200.0
2024-04-22,09:32:14,ABC,0,793200.0
2024-04-22,09:32:15,ABC,0,793200.0
2024-04-22,09:32:16,ABC,0,793200.0
2024-04-22,09:32:17,ABC,0,793200.0
2024-04-22,09:32:18,ABC,0,793200.0
2024-04-22,09:32:19,ABC,1409,794609.0
2024-04-22,09:32:20,ABC,0,794609.0
2024-04-22,09:32:21,ABC,0,794609.0
2024-04-22,09:32:22,ABC,0,794609.0
2024-04-22,09:32:23,ABC,0,794609.0
2024-04-22,09:32:24,ABC,0,794609.0
2024-04-22,09:32:25,ABC,0,794609.0
2024-04-22,09:32:26,ABC,0,794609.0
2024-04-22,09:32:27,ABC,233,794842.0
2024-04-22,09:32:28,ABC,0,794842.0
2024-04-22,09:32:29,ABC,0,794842.0
2024-04-22,09:32:30,ABC,0,794842.0
2024-04-22,09:32:31,ABC,0,794842.0
2024-04-22,09:32:32,ABC,0,794842.0
2024-04-22,09:32:33,ABC,0,794842.0
2024-04-22,09:32:34,ABC,0,794842.0
2024-04-22,09:32:35,ABC,407,795249.0
2024-04-22,09:32:36,ABC,0,795249.0
2024-04-22,09:32:37,ABC,0,795249.0
2024-04-22,09:32:38,ABC,0,795249.0
2024-04-22,09:32:39,ABC,0,795249.0
2024-04-22,09:32:40,ABC,0,795249.0
2024-04-22,09:32:41,ABC,0,795249.0
2024-04-22,09:32:42,ABC,0,795249.0
2024-04-22,09:32:43,ABC,1955,797204.0
2024-04-22,09:32:44,ABC,0,797204.0
2024-04-22,09:32:45,ABC,0,797204.0
2024-04-22,09:32:46,ABC,0,797204.0
2024-04-22,09:32:47,ABC,0,797204.0
2024-04-22,09:32:48,ABC,0,797204.0
2024-04-22,09:32:49,ABC,0,797204.0
2024-04-22,09:32:50,ABC,0,797204.0
2024-04-22,09:32:51,ABC,94,797298.0
2024-04-22,09:32:52,ABC,0,797298.0
2024-04-22,09:32:53,ABC,0,797298.0
2024-04-22,09:32:54,ABC,0,797298.0
2024-04-22,09:32:55,ABC,0,797298.0
2024-04-22,09:32:56,ABC,0,797298.0
2024-04-22,09:32:57,ABC,0,797298.0
2024-04-22,09:32:58,ABC,563,797861.0
2024-04-22,09:32:59,ABC,0,797861.0
2024-04-22,09:33:00,ABC,0,797861.0
2024-04-22,09:33:01,ABC,0,797861.0
2024-04-22,09:33:02,ABC,0,797861.0
2024-04-22,09:33:03,ABC,0,797861.0
2024-04-22,09:33:04,ABC,0,797861.0
2024-04-22,09:33:05,ABC,0,797861.0
2024-04-22,09:33:06,ABC,98,797959.0
2024-04-22,09:33:07,ABC,0,797959.0
2024-04-22,09:33:08,ABC,0,797959.0
2024-04-22,09:33:09,ABC,0,797959.0
2024-04-22,09:33:10,ABC,0,797959.0
2024-04-22,09:33:11,ABC,0,797959.0
2024-04-22,09:33:12,ABC,0,797959.0
2024-04-22,09:33:13,ABC,246,798205.0
2024-04-22,09:33:14,ABC,0,798205.0
2024-04-22,09:33:15,ABC,0,798205.0
2024-04-22,09:33:16,ABC,0,798205.0
2024-04-22,09:33:17,ABC,0,798205.0
2024-04-22,09:33:18,ABC,0,798205.0
2024-04-22,09:33:19,ABC,0,798205.0
2024-04-22,09:33:20,ABC,0,798205.0
2024-04-22,09:33:21,ABC,767,798972.0
2024-04-22,09:33:22,ABC,0,798972.0
2024-04-22,09:33:23,ABC,0,798972.0
2024-04-22,09:33:24,ABC,0,798972.0
2024-04-22,09:33:25,ABC,0,798972.0
2024-04-22,09:33:26,ABC,0,798972.0
2024-04-22,09:33:27,ABC,0,798972.0
2024-04-22,09:33:28,ABC,0,798972.0
2024-04-22,09:33:29,ABC,414,799386.0
2024-04-22,09:33:30,ABC,0,799386.0
2024-04-22,09:33:31,ABC,0,799386.0
2024-04-22,09:33:32,ABC,0,799386.0
2024-04-22,09:33:33,ABC,0,799386.0
2024-04-22,09:33:34,ABC,0,799386.0
2024-04-22,09:33:35,ABC,0,799386.0
2024-04-22,09:33:36,ABC,0,799386.0
2024-04-22,09:33:37,ABC,133,799519.0
2024-04-22,09:33:38,ABC,0,799519.0
2024-04-22,09:33:39,ABC,0,799519.0
2024-04-22,09:33:40,ABC,0,799519.0
2024-04-22,09:33:41,ABC,0,799519.0
2024-04-22,09:33:42,ABC,0,799519.0
2024-04-22,09:33:43,ABC,0,799519.0
2024-04-22,09:33:44,ABC,0,799519.0
2024-04-22,09:33:45,ABC,1022,800541.0
2024-04-22,09:33:46,ABC,0,800541.0
2024-04-22,09:33:47,ABC,0,800541.0
2024-04-22,09:33:48,ABC,0,800541.0
2024-04-22,09:33:49,ABC,0,800541.0
2024-04-22,09:33:50,ABC,0,800541.0
2024-04-22,09:33:51,ABC,0,800541.0
2024-04-22,09:33:52,ABC,0,800541.0
2024-04-22,09:33:53,ABC,837,801378.0
2024-04-22,09:33:54,ABC,0,801378.0
2024-04-22,09:33:55,ABC,0,801378.0
2024-04-22,09:33:56,ABC,0,801378.0
2024-04-22,09:33:57,ABC,0,801378.0
2024-04-22,09:33:58,ABC,0,801378.0
2024-04-22,09:33:59,ABC,0,801378.0
2024-04-22,09:34:00,ABC,0,801378.0
2024-04-22,09:34:01,ABC,1138,802516.0
2024-04-22,09:34:02,ABC,0,802516.0
2024-04-22,09:34:03,ABC,0,802516.0
2024-04-22,09:34:04,ABC,0,802516.0
2024-04-22,09:34:05,ABC,0,802516.0
2024-04-22,09:34:06,ABC,0,802516.0
2024-04-22,09:34:07,ABC,0,802516.0
2024-04-22,09:34:08,ABC,0,802516.0
2024-04-22,09:34:09,ABC,534,803050.0
2024-04-22,09:34:10,ABC,0,803050.0
2024-04-22,09:34:11,ABC,0,803050.0
2024-04-22,09:34:12,ABC,0,803050.0
2024-04-22,09:34:13,ABC,0,803050.0
2024-04-22,09:34:14,ABC,0,803050.0
2024-04-22,09:34:15,ABC,0,803050.0
2024-04-22,09:34:16,ABC,87,803137.0
2024-04-22,09:34:17,ABC,0,803137.0
2024-04-22,09:34:18,ABC,0,803137.0
2024-04-22,09:34:19,ABC,0,803137.0
2024-04-22,09:34:20,ABC,0,803137.0
2024-04-22,09:34:21,ABC,0,803137.0
2024-04-22,09:34:22,ABC,0,803137.0
2024-04-22,09:34:23,ABC,0,803137.0
2024-04-22,09:34:24,ABC,246,803383.0
2024-04-22,09:34:25,ABC,0,803383.0
2024-04-22,09:34:26,ABC,0,803383.0
2024-04-22,09:34:27,ABC,0,803383.0
2024-04-22,09:34:28,ABC,0,803383.0
2024-04-22,09:34:29,ABC,0,803383.0
2024-04-22,09:34:30,ABC,0,803383.0
2024-04-22,09:34:31,ABC,0,803383.0
2024-04-22,09:34:32,ABC,549,803932.0
2024-04-22,09:34:33,ABC,0,803932.0
2024-04-22,09:34:34,ABC,0,803932.0
2024-04-22,09:34:35,ABC,0,803932.0
2024-04-22,09:34:36,ABC,0,803932.0
2024-04-22,09:34:37,ABC,0,803932.0
2024-04-22,09:34:38,ABC,0,803932.0
2024-04-22,09:34:39,ABC,157,804089.0
2024-04-22,09:34:40,ABC,0,804089.0
2024-04-22,09:34:41,ABC,0,804089.0
2024-04-22,09:34:42,ABC,0,804089.0
2024-04-22,09:34:43,ABC,0,804089.0
2024-04-22,09:34:44,ABC,0,804089.0
2024-04-22,09:34:45,ABC,0,804089.0
2024-04-22,09:34:46,ABC,0,804089.0
2024-04-22,09:34:47,ABC,481,804570.0
2024-04-22,09:34:48,ABC,0,804570.0
2024-04-22,09:34:49,ABC,0,804570.0
2024-04-22,09:34:50,ABC,0,804570.0
2024-04-22,09:34:51,ABC,0,804570.0
2024-04-22,09:34:52,ABC,0,804570.0
2024-04-22,09:34:53,ABC,0,804570.0
2024-04-22,09:34:54,ABC,0,804570.0
2024-04-22,09:34:55,ABC,266,804836.0
2024-04-22,09:34:56,ABC,0,804836.0
2024-04-22,09:34:57,ABC,0,804836.0
2024-04-22,09:34:58,ABC,0,804836.0
2024-04-22,09:34:59,ABC,0,804836.0
2024-04-22,09:35:00,ABC,0,804836.0
2024-04-22,09:35:01,ABC,0,804836.0
2024-04-22,09:35:02,ABC,204,805040.0
2024-04-22,09:35:03,ABC,0,805040.0
2024-04-22,09:35:04,ABC,0,805040.0
2024-04-22,09:35:05,ABC,0,805040.0
2024-04-22,09:35:06,ABC,0,805040.0
2024-04-22,09:35:07,ABC,0,805040.0
2024-04-22,09:35:08,ABC,0,805040.0
2024-04-22,09:35:09,ABC,0,805040.0
2024-04-22,09:35:10,ABC,266,805306.0
2024-04-22,09:35:11,ABC,0,805306.0
2024-04-22,09:35:12,ABC,0,805306.0
2024-04-22,09:35:13,ABC,0,805306.0
2024-04-22,09:35:14,ABC,0,805306.0
2024-04-22,09:35:15,ABC,0,805306.0
2024-04-22,09:35:16,ABC,0,805306.0
2024-04-22,09:35:17,ABC,0,805306.0
2024-04-22,09:35:18,ABC,496,805802.0
2024-04-22,09:35:19,ABC,0,805802.0
2024-04-22,09:35:20,ABC,0,805802.0
2024-04-22,09:35:21,ABC,0,805802.0
2024-04-22,09:35:22,ABC,0,805802.0
2024-04-22,09:35:23,ABC,0,805802.0
2024-04-22,09:35:24,ABC,0,805802.0
2024-04-22,09:35:25,ABC,214,806016.0
2024-04-22,09:35:26,ABC,0,806016.0
2024-04-22,09:35:27,ABC,0,806016.0
2024-04-22,09:35:28,ABC,0,806016.0
2024-04-22,09:35:29,ABC,0,806016.0
2024-04-22,09:35:30,ABC,0,806016.0
2024-04-22,09:35:31,ABC,0,806016.0
2024-04-22,09:35:32,ABC,0,806016.0
2024-04-22,09:35:33,ABC,474,806490.0
2024-04-22,09:35:34,ABC,0,806490.0
2024-04-22,09:35:35,ABC,0,806490.0
2024-04-22,09:35:36,ABC,0,806490.0
2024-04-22,09:35:37,ABC,0,806490.0
2024-04-22,09:35:38,ABC,0,806490.0
2024-04-22,09:35:39,ABC,0,806490.0
2024-04-22,09:35:40,ABC,2583,809073.0
2024-04-22,09:35:41,ABC,0,809073.0
2024-04-22,09:35:42,ABC,0,809073.0
2024-04-22,09:35:43,ABC,0,809073.0
2024-04-22,09:35:44,ABC,0,809073.0
2024-04-22,09:35:45,ABC,0,809073.0
2024-04-22,09:35:46,ABC,0,809073.0
2024-04-22,09:35:47,ABC,0,809073.0
2024-04-22,09:35:48,ABC,508,809581.0
2024-04-22,09:35:49,ABC,0,809581.0
2024-04-22,09:35:50,ABC,0,809581.0
2024-04-22,09:35:51,ABC,0,809581.0
2024-04-22,09:35:52,ABC,0,809581.0
2024-04-22,09:35:53,ABC,0,809581.0
2024-04-22,09:35:54,ABC,0,809581.0
2024-04-22,09:35:55,ABC,414,809995.0
2024-04-22,09:35:56,ABC,0,809995.0
2024-04-22,09:35:57,ABC,0,809995.0
2024-04-22,09:35:58,ABC,0,809995.0
2024-04-22,09:35:59,ABC,0,809995.0
2024-04-22,09:36:00,ABC,0,809995.0
2024-04-22,09:36:01,ABC,0,809995.0
2024-04-22,09:36:02,ABC,146,810141.0
2024-04-22,09:36:03,ABC,0,810141.0
2024-04-22,09:36:04,ABC,0,810141.0
2024-04-22,09:36:05,ABC,0,810141.0
2024-04-22,09:36:06,ABC,0,810141.0
2024-04-22,09:36:07,ABC,0,810141.0
2024-04-22,09:36:08,ABC,0,810141.0
2024-04-22,09:36:09,ABC,0,810141.0
2024-04-22,09:36:10,ABC,72,810213.0
2024-04-22,09:36:11,ABC,0,810213.0
2024-04-22,09:36:12,ABC,0,810213.0
2024-04-22,09:36:13,ABC,0,810213.0
2024-04-22,09:36:14,ABC,0,810213.0
2024-04-22,09:36:15,ABC,0,810213.0
2024-04-22,09:36:16,ABC,0,810213.0
2024-04-22,09:36:17,ABC,53,810266.0
2024-04-22,09:36:18,ABC,0,810266.0
2024-04-22,09:36:19,ABC,0,810266.0
2024-04-22,09:36:20,ABC,0,810266.0
2024-04-22,09:36:21,ABC,0,810266.0
2024-04-22,09:36:22,ABC,0,810266.0
2024-04-22,09:36:23,ABC,0,810266.0
2024-04-22,09:36:24,ABC,0,810266.0
2024-04-22,09:36:25,ABC,669,810935.0
2024-04-22,09:36:26,ABC,0,810935.0
2024-04-22,09:36:27,ABC,0,810935.0
2024-04-22,09:36:28,ABC,0,810935.0
2024-04-22,09:36:29,ABC,0,810935.0
2024-04-22,09:36:30,ABC,0,810935.0
2024-04-22,09:36:31,ABC,0,810935.0
2024-04-22,09:36:32,ABC,417,811352.0
2024-04-22,09:36:33,ABC,0,811352.0
2024-04-22,09:36:34,ABC,0,811352.0
2024-04-22,09:36:35,ABC,0,811352.0
2024-04-22,09:36:36,ABC,0,811352.0
2024-04-22,09:36:37,ABC,0,811352.0
2024-04-22,09:36:38,ABC,0,811352.0
2024-04-22,09:36:39,ABC,1302,812654.0
2024-04-22,09:36:40,ABC,0,812654.0
2024-04-22,09:36:41,ABC,0,812654.0
2024-04-22,09:36:42,ABC,0,812654.0
2024-04-22,09:36:43,ABC,0,812654.0
2024-04-22,09:36:44,ABC,0,812654.0
2024-04-22,09:36:45,ABC,0,812654.0
2024-04-22,09:36:46,ABC,16,812670.0
2024-04-22,09:36:47,ABC,0,812670.0
2024-04-22,09:36:48,ABC,0,812670.0
2024-04-22,09:36:49,ABC,0,812670.0
2024-04-22,09:36:50,ABC,0,812670.0
2024-04-22,09:36:51,ABC,0,812670.0
2024-04-22,09:36:52,ABC,0,812670.0
2024-04-22,09:36:53,ABC,0,812670.0
2024-04-22,09:36:54,ABC,2350,815020.0
2024-04-22,09:36:55,ABC,0,815020.0
2024-04-22,09:36:56,ABC,0,815020.0
2024-04-22,09:36:57,ABC,0,815020.0
2024-04-22,09:36:58,ABC,0,815020.0
2024-04-22,09:36:59,ABC,0,815020.0
2024-04-22,09:37:00,ABC,0,815020.0
2024-04-22,09:37:01,ABC,89,815109.0
2024-04-22,09:37:02,ABC,0,815109.0
2024-04-22,09:37:03,ABC,0,815109.0
2024-04-22,09:37:04,ABC,0,815109.0
2024-04-22,09:37:05,ABC,0,815109.0
2024-04-22,09:37:06,ABC,0,815109.0
2024-04-22,09:37:07,ABC,0,815109.0
2024-04-22,09:37:08,ABC,651,815760.0
2024-04-22,09:37:09,ABC,0,815760.0
2024-04-22,09:37:10,ABC,0,815760.0
2024-04-22,09:37:11,ABC,0,815760.0
2024-04-22,09:37:12,ABC,0,815760.0
2024-04-22,09:37:13,ABC,0,815760.0
2024-04-22,09:37:14,ABC,0,815760.0
2024-04-22,09:37:15,ABC,217,815977.0
2024-04-22,09:37:16,ABC,0,815977.0
2024-04-22,09:37:17,ABC,0,815977.0
2024-04-22,09:37:18,ABC,0,815977.0
2024-04-22,09:37:19,ABC,0,815977.0
2024-04-22,09:37:20,ABC,0,815977.0
2024-04-22,09:37:21,ABC,0,815977.0
2024-04-22,09:37:22,ABC,110,816087.0
2024-04-22,09:37:23,ABC,0,816087.0
2024-04-22,09:37:24,ABC,0,816087.0
2024-04-22,09:37:25,ABC,0,816087.0
2024-04-22,09:37:26,ABC,0,816087.0
2024-04-22,09:37:27,ABC,0,816087.0
2024-04-22,09:37:28,ABC,0,816087.0
2024-04-22,09:37:29,ABC,28,816115.0
2024-04-22,09:37:30,ABC,0,816115.0
2024-04-22,09:37:31,ABC,0,816115.0
2024-04-22,09:37:32,ABC,0,816115.0
2024-04-22,09:37:33,ABC,0,816115.0
2024-04-22,09:37:34,ABC,0,816115.0
2024-04-22,09:37:35,ABC,0,816115.0
2024-04-22,09:37:36,ABC,0,816115.0
2024-04-22,09:37:37,ABC,407,816522.0
2024-04-22,09:37:38,ABC,0,816522.0
2024-04-22,09:37:39,ABC,0,816522.0
2024-04-22,09:37:40,ABC,0,816522.0
2024-04-22,09:37:41,ABC,0,816522.0
2024-04-22,09:37:42,ABC,0,816522.0
2024-04-22,09:37:43,ABC,0,816522.0
2024-04-22,09:37:44,ABC,4317,820839.0
2024-04-22,09:37:45,ABC,0,820839.0
2024-04-22,09:37:46,ABC,0,820839.0
2024-04-22,09:37:47,ABC,0,820839.0
2024-04-22,09:37:48,ABC,0,820839.0
2024-04-22,09:37:49,ABC,0,820839.0
2024-04-22,09:37:50,ABC,0,820839.0
2024-04-22,09:37:51,ABC,0,820839.0
2024-04-22,09:37:52,ABC,133,820972.0
2024-04-22,09:37:53,ABC,0,820972.0
2024-04-22,09:37:54,ABC,0,820972.0
2024-04-22,09:37:55,ABC,0,820972.0
2024-04-22,09:37:56,ABC,0,820972.0
2024-04-22,09:37:57,ABC,0,820972.0
2024-04-22,09:37:58,ABC,0,820972.0
2024-04-22,09:37:59,ABC,402,821374.0
2024-04-22,09:38:00,ABC,0,821374.0
2024-04-22,09:38:01,ABC,0,821374.0
2024-04-22,09:38:02,ABC,0,821374.0
2024-04-22,09:38:03,ABC,0,821374.0
2024-04-22,09:38:04,ABC,0,821374.0
2024-04-22,09:38:05,ABC,0,821374.0
2024-04-22,09:38:06,ABC,0,821374.0
2024-04-22,09:38:07,ABC,43,821417.0
2024-04-22,09:38:08,ABC,0,821417.0
2024-04-22,09:38:09,ABC,0,821417.0
2024-04-22,09:38:10,ABC,0,821417.0
2024-04-22,09:38:11,ABC,0,821417.0
2024-04-22,09:38:12,ABC,0,821417.0
2024-04-22,09:38:13,ABC,0,821417.0
2024-04-22,09:38:14,ABC,370,821787.0
2024-04-22,09:38:15,ABC,0,821787.0
2024-04-22,09:38:16,ABC,0,821787.0
2024-04-22,09:38:17,ABC,0,821787.0
2024-04-22,09:38:18,ABC,0,821787.0
2024-04-22,09:38:19,ABC,0,821787.0
2024-04-22,09:38:20,ABC,0,821787.0
2024-04-22,09:38:21,ABC,0,821787.0
2024-04-22,09:38:22,ABC,603,822390.0
2024-04-22,09:38:23,ABC,0,822390.0
2024-04-22,09:38:24,ABC,0,822390.0
2024-04-22,09:38:25,ABC,0,822390.0
2024-04-22,09:38:26,ABC,0,822390.0
2024-04-22,09:38:27,ABC,0,822390.0
2024-04-22,09:38:28,ABC,0,822390.0
2024-04-22,09:38:29,ABC,102,822492.0
2024-04-22,09:38:30,ABC,0,822492.0
2024-04-22,09:38:31,ABC,0,822492.0
2024-04-22,09:38:32,ABC,0,822492.0
2024-04-22,09:38:33,ABC,0,822492.0
2024-04-22,09:38:34,ABC,0,822492.0
2024-04-22,09:38:35,ABC,0,822492.0
2024-04-22,09:38:36,ABC,198,822690.0
2024-04-22,09:38:37,ABC,0,822690.0
2024-04-22,09:38:38,ABC,0,822690.0
2024-04-22,09:38:39,ABC,0,822690.0
2024-04-22,09:38:40,ABC,0,822690.0
2024-04-22,09:38:41,ABC,0,822690.0
2024-04-22,09:38:42,ABC,0,822690.0
2024-04-22,09:38:43,ABC,658,823348.0
2024-04-22,09:38:44,ABC,0,823348.0
2024-04-22,09:38:45,ABC,0,823348.0
2024-04-22,09:38:46,ABC,0,823348.0
2024-04-22,09:38:47,ABC,0,823348.0
2024-04-22,09:38:48,ABC,0,823348.0
2024-04-22,09:38:49,ABC,0,823348.0
2024-04-22,09:38:50,ABC,1877,825225.0
2024-04-22,09:38:51,ABC,0,825225.0
2024-04-22,09:38:52,ABC,0,825225.0
2024-04-22,09:38:53,ABC,0,825225.0
2024-04-22,09:38:54,ABC,0,825225.0
2024-04-22,09:38:55,ABC,0,825225.0
2024-04-22,09:38:56,ABC,0,825225.0
2024-04-22,09:38:57,ABC,0,825225.0
2024-04-22,09:38:58,ABC,650,825875.0
2024-04-22,09:38:59,ABC,0,825875.0
2024-04-22,09:39:00,ABC,0,825875.0
2024-04-22,09:39:01,ABC,0,825875.0
2024-04-22,09:39:02,ABC,0,825875.0
2024-04-22,09:39:03,ABC,0,825875.0
2024-04-22,09:39:04,ABC,0,825875.0
2024-04-22,09:39:05,ABC,531,826406.0
2024-04-22,09:39:06,ABC,0,826406.0
2024-04-22,09:39:07,ABC,0,826406.0
2024-04-22,09:39:08,ABC,0,826406.0
2024-04-22,09:39:09,ABC,0,826406.0
2024-04-22,09:39:10,ABC,0,826406.0
2024-04-22,09:39:11,ABC,0,826406.0
2024-04-22,09:39:12,ABC,0,826406.0
2024-04-22,09:39:13,ABC,193,826599.0
2024-04-22,09:39:14,ABC,0,826599.0
2024-04-22,09:39:15,ABC,0,826599.0
2024-04-22,09:39:16,ABC,0,826599.0
2024-04-22,09:39:17,ABC,0,826599.0
2024-04-22,09:39:18,ABC,0,826599.0
2024-04-22,09:39:19,ABC,0,826599.0
2024-04-22,09:39:20,ABC,202,826801.0
2024-04-22,09:39:21,ABC,0,826801.0
2024-04-22,09:39:22,ABC,0,826801.0
2024-04-22,09:39:23,ABC,0,826801.0
2024-04-22,09:39:24,ABC,0,826801.0
2024-04-22,09:39:25,ABC,0,826801.0
2024-04-22,09:39:26,ABC,0,826801.0
2024-04-22,09:39:27,ABC,486,827287.0
2024-04-22,09:39:28,ABC,0,827287.0
2024-04-22,09:39:29,ABC,0,827287.0
2024-04-22,09:39:30,ABC,0,827287.0
2024-04-22,09:39:31,ABC,0,827287.0
2024-04-22,09:39:32,ABC,0,827287.0
2024-04-22,09:39:33,ABC,0,827287.0
2024-04-22,09:39:34,ABC,0,827287.0
2024-04-22,09:39:35,ABC,1404,828691.0
2024-04-22,09:39:36,ABC,0,828691.0
2024-04-22,09:39:37,ABC,0,828691.0
2024-04-22,09:39:38,ABC,0,828691.0
2024-04-22,09:39:39,ABC,0,828691.0
2024-04-22,09:39:40,ABC,0,828691.0
2024-04-22,09:39:41,ABC,0,828691.0
2024-04-22,09:39:42,ABC,32,828723.0
2024-04-22,09:39:43,ABC,0,828723.0
2024-04-22,09:39:44,ABC,0,828723.0
2024-04-22,09:39:45,ABC,0,828723.0
2024-04-22,09:39:46,ABC,0,828723.0
2024-04-22,09:39:47,ABC,0,828723.0
2024-04-22,09:39:48,ABC,0,828723.0
2024-04-22,09:39:49,ABC,273,828996.0
2024-04-22,09:39:50,ABC,0,828996.0
2024-04-22,09:39:51,ABC,0,828996.0
2024-04-22,09:39:52,ABC,0,828996.0
2024-04-22,09:39:53,ABC,0,828996.0
2024-04-22,09:39:54,ABC,0,828996.0
2024-04-22,09:39:55,ABC,0,828996.0
2024-04-22,09:39:56,ABC,1271,830267.0
2024-04-22,09:39:57,ABC,0,830267.0
2024-04-22,09:39:58,ABC,0,830267.0
2024-04-22,09:39:59,ABC,0,830267.0
2024-04-22,09:40:00,ABC,0,830267.0
2024-04-22,09:40:01,ABC,0,830267.0
2024-04-22,09:40:02,ABC,0,830267.0
2024-04-22,09:40:03,ABC,1203,831470.0
2024-04-22,09:40:04,ABC,0,831470.0
2024-04-22,09:40:05,ABC,0,831470.0
2024-04-22,09:40:06,ABC,0,831470.0
2024-04-22,09:40:07,ABC,0,831470.0
2024-04-22,09:40:08,ABC,0,831470.0
2024-04-22,09:40:09,ABC,0,831470.0
2024-04-22,09:40:10,ABC,743,832213.0
2024-04-22,09:40:11,ABC,0,832213.0
2024-04-22,09:40:12,ABC,0,832213.0
2024-04-22,09:40:13,ABC,0,832213.0
2024-04-22,09:40:14,ABC,0,832213.0
2024-04-22,09:40:15,ABC,0,832213.0
2024-04-22,09:40:16,ABC,0,832213.0
2024-04-22,09:40:17,ABC,431,832644.0
2024-04-22,09:40:18,ABC,0,832644.0
2024-04-22,09:40:19,ABC,0,832644.0
2024-04-22,09:40:20,ABC,0,832644.0
2024-04-22,09:40:21,ABC,0,832644.0
2024-04-22,09:40:22,ABC,0,832644.0
2024-04-22,09:40:23,ABC,0,832644.0
2024-04-22,09:40:24,ABC,0,832644.0
2024-04-22,09:40:25,ABC,262,832906.0
2024-04-22,09:40:26,ABC,0,832906.0
2024-04-22,09:40:27,ABC,0,832906.0
2024-04-22,09:40:28,ABC,0,832906.0
2024-04-22,09:40:29,ABC,0,832906.0
2024-04-22,09:40:30,ABC,0,832906.0
2024-04-22,09:40:31,ABC,0,832906.0
2024-04-22,09:40:32,ABC,1189,834095.0
2024-04-22,09:40:33,ABC,0,834095.0
2024-04-22,09:40:34,ABC,0,834095.0
2024-04-22,09:40:35,ABC,0,834095.0
2024-04-22,09:40:36,ABC,0,834095.0
2024-04-22,09:40:37,ABC,0,834095.0
2024-04-22,09:40:38,ABC,0,834095.0
2024-04-22,09:40:39,ABC,980,835075.0
2024-04-22,09:40:40,ABC,0,835075.0
2024-04-22,09:40:41,ABC,0,835075.0
2024-04-22,09:40:42,ABC,0,835075.0
2024-04-22,09:40:43,ABC,0,835075.0
2024-04-22,09:40:44,ABC,0,835075.0
2024-04-22,09:40:45,ABC,0,835075.0
2024-04-22,09:40:46,ABC,608,835683.0
2024-04-22,09:40:47,ABC,0,835683.0
2024-04-22,09:40:48,ABC,0,835683.0
2024-04-22,09:40:49,ABC,0,835683.0
2024-04-22,09:40:50,ABC,0,835683.0
2024-04-22,09:40:51,ABC,0,835683.0
2024-04-22,09:40:52,ABC,0,835683.0
2024-04-22,09:40:53,ABC,417,836100.0
2024-04-22,09:40:54,ABC,0,836100.0
2024-04-22,09:40:55,ABC,0,836100.0
2024-04-22,09:40:56,ABC,0,836100.0
2024-04-22,09:40:57,ABC,0,836100.0
2024-04-22,09:40:58,ABC,0,836100.0
2024-04-22,09:40:59,ABC,0,836100.0
2024-04-22,09:41:00,ABC,1156,837256.0
2024-04-22,09:41:01,ABC,0,837256.0
2024-04-22,09:41:02,ABC,0,837256.0
2024-04-22,09:41:03,ABC,0,837256.0
2024-04-22,09:41:04,ABC,0,837256.0
2024-04-22,09:41:05,ABC,0,837256.0
2024-04-22,09:41:06,ABC,0,837256.0
2024-04-22,09:41:07,ABC,0,837256.0
2024-04-22,09:41:08,ABC,1440,838696.0
2024-04-22,09:41:09,ABC,0,838696.0
2024-04-22,09:41:10,ABC,0,838696.0
2024-04-22,09:41:11,ABC,0,838696.0
2024-04-22,09:41:12,ABC,0,838696.0
2024-04-22,09:41:13,ABC,0,838696.0
2024-04-22,09:41:14,ABC,0,838696.0
2024-04-22,09:41:15,ABC,1306,840002.0
2024-04-22,09:41:16,ABC,0,840002.0
2024-04-22,09:41:17,ABC,0,840002.0
2024-04-22,09:41:18,ABC,0,840002.0
2024-04-22,09:41:19,ABC,0,840002.0
2024-04-22,09:41:20,ABC,0,840002.0
2024-04-22,09:41:21,ABC,0,840002.0
2024-04-22,09:41:22,ABC,3394,843396.0
2024-04-22,09:41:23,ABC,0,843396.0
2024-04-22,09:41:24,ABC,0,843396.0
2024-04-22,09:41:25,ABC,0,843396.0
2024-04-22,09:41:26,ABC,0,843396.0
2024-04-22,09:41:27,ABC,0,843396.0
2024-04-22,09:41:28,ABC,0,843396.0
2024-04-22,09:41:29,ABC,0,843396.0
2024-04-22,09:41:30,ABC,3331,846727.0
2024-04-22,09:41:31,ABC,0,846727.0
2024-04-22,09:41:32,ABC,0,846727.0
2024-04-22,09:41:33,ABC,0,846727.0
2024-04-22,09:41:34,ABC,0,846727.0
2024-04-22,09:41:35,ABC,0,846727.0
2024-04-22,09:41:36,ABC,0,846727.0
2024-04-22,09:41:37,ABC,150,846877.0
2024-04-22,09:41:38,ABC,0,846877.0
2024-04-22,09:41:39,ABC,0,846877.0
2024-04-22,09:41:40,ABC,0,846877.0
2024-04-22,09:41:41,ABC,0,846877.0
2024-04-22,09:41:42,ABC,0,846877.0
2024-04-22,09:41:43,ABC,0,846877.0
2024-04-22,09:41:44,ABC,5809,852686.0
2024-04-22,09:41:45,ABC,0,852686.0
2024-04-22,09:41:46,ABC,0,852686.0
2024-04-22,09:41:47,ABC,0,852686.0
2024-04-22,09:41:48,ABC,0,852686.0
2024-04-22,09:41:49,ABC,0,852686.0
2024-04-22,09:41:50,ABC,0,852686.0
2024-04-22,09:41:51,ABC,0,852686.0
2024-04-22,09:41:52,ABC,802,853488.0
2024-04-22,09:41:53,ABC,0,853488.0
2024-04-22,09:41:54,ABC,0,853488.0
2024-04-22,09:41:55,ABC,0,853488.0
2024-04-22,09:41:56,ABC,0,853488.0
2024-04-22,09:41:57,ABC,0,853488.0
2024-04-22,09:41:58,ABC,0,853488.0
2024-04-22,09:41:59,ABC,420,853908.0
2024-04-22,09:42:00,ABC,0,853908.0
2024-04-22,09:42:01,ABC,0,853908.0
2024-04-22,09:42:02,ABC,0,853908.0
2024-04-22,09:42:03,ABC,0,853908.0
2024-04-22,09:42:04,ABC,0,853908.0
2024-04-22,09:42:05,ABC,0,853908.0
2024-04-22,09:42:06,ABC,2411,856319.0
2024-04-22,09:42:07,ABC,0,856319.0
2024-04-22,09:42:08,ABC,4,856323.0
2024-04-22,09:42:09,ABC,0,856323.0
2024-04-22,09:42:10,ABC,0,856323.0
2024-04-22,09:42:11,ABC,1,856324.0
2024-04-22,09:42:12,ABC,5,856329.0
2024-04-22,09:42:13,ABC,10,856339.0
2024-04-22,09:42:14,ABC,0,856339.0
2024-04-22,09:42:15,ABC,0,856339.0
2024-04-22,09:42:16,ABC,31,856370.0
2024-04-22,09:42:17,ABC,0,856370.0
2024-04-22,09:42:18,ABC,35,856405.0
2024-04-22,09:42:19,ABC,50,856455.0
2024-04-22,09:42:20,ABC,50,856505.0
2024-04-22,09:42:21,ABC,0,856505.0
2024-04-22,09:42:22,ABC,0,856505.0
2024-04-22,09:42:23,ABC,203,856708.0
2024-04-22,09:42:24,ABC,1,856709.0
2024-04-22,09:42:25,ABC,0,856709.0
2024-04-22,09:42:26,ABC,2,856711.0
2024-04-22,09:42:27,ABC,0,856711.0
2024-04-22,09:42:28,ABC,60,856771.0
2024-04-22,09:42:29,ABC,0,856771.0
2024-04-22,09:42:30,ABC,2491,859262.0
2024-04-22,09:42:31,ABC,16,859278.0
2024-04-22,09:42:32,ABC,0,859278.0
2024-04-22,09:42:33,ABC,1558,860836.0
2024-04-22,09:42:34,ABC,0,860836.0
2024-04-22,09:42:35,ABC,134,860970.0
2024-04-22,09:42:36,ABC,3,860973.0
2024-04-22,09:42:37,ABC,2,860975.0
2024-04-22,09:42:38,ABC,47,861022.0
2024-04-22,09:42:39,ABC,3090,864112.0
2024-04-22,09:42:40,ABC,50,864162.0
2024-04-22,09:42:41,ABC,0,864162.0
2024-04-22,09:42:42,ABC,25,864187.0
2024-04-22,09:42:43,ABC,10,864197.0
2024-04-22,09:42:44,ABC,52,864249.0
2024-04-22,09:42:45,ABC,0,864249.0
2024-04-22,09:42:46,ABC,750,864999.0
2024-04-22,09:42:47,ABC,65,865064.0
2024-04-22,09:42:48,ABC,6,865070.0
2024-04-22,09:42:49,ABC,0,865070.0
2024-04-22,09:42:50,ABC,1,865071.0
2024-04-22,09:42:51,ABC,103,865174.0
2024-04-22,09:42:52,ABC,20,865194.0
2024-04-22,09:42:53,ABC,10,865204.0
2024-04-22,09:42:54,ABC,0,865204.0
2024-04-22,09:42:55,ABC,0,865204.0
2024-04-22,09:42:56,ABC,5,865209.0
2024-04-22,09:42:57,ABC,1176,866385.0
2024-04-22,09:42:58,ABC,0,866385.0
2024-04-22,09:42:59,ABC,1072,867457.0
2024-04-22,09:43:00,ABC,217,867674.0
2024-04-22,09:43:01,ABC,0,867674.0
2024-04-22,09:43:02,ABC,1,867675.0
2024-04-22,09:43:03,ABC,20,867695.0
2024-04-22,09:43:04,ABC,0,867695.0
2024-04-22,09:43:05,ABC,0,867695.0
2024-04-22,09:43:06,ABC,0,867695.0
2024-04-22,09:43:07,ABC,0,867695.0
2024-04-22,09:43:08,ABC,0,867695.0
2024-04-22,09:43:09,ABC,0,867695.0
2024-04-22,09:43:10,ABC,0,867695.0
2024-04-22,09:43:11,ABC,0,867695.0
2024-04-22,09:43:12,ABC,545,868240.0
2024-04-22,09:43:13,ABC,0,868240.0
2024-04-22,09:43:14,ABC,0,868240.0
2024-04-22,09:43:15,ABC,0,868240.0
2024-04-22,09:43:16,ABC,0,868240.0
2024-04-22,09:43:17,ABC,0,868240.0
2024-04-22,09:43:18,ABC,0,868240.0
2024-04-22,09:43:19,ABC,1845,870085.0
2024-04-22,09:43:20,ABC,0,870085.0
2024-04-22,09:43:21,ABC,0,870085.0
2024-04-22,09:43:22,ABC,0,870085.0
2024-04-22,09:43:23,ABC,0,870085.0
2024-04-22,09:43:24,ABC,0,870085.0
2024-04-22,09:43:25,ABC,0,870085.0
2024-04-22,09:43:26,ABC,3723,873808.0
2024-04-22,09:43:27,ABC,0,873808.0
2024-04-22,09:43:28,ABC,0,873808.0
2024-04-22,09:43:29,ABC,0,873808.0
2024-04-22,09:43:30,ABC,0,873808.0
2024-04-22,09:43:31,ABC,0,873808.0
2024-04-22,09:43:32,ABC,0,873808.0
2024-04-22,09:43:33,ABC,1132,874940.0
2024-04-22,09:43:34,ABC,0,874940.0
2024-04-22,09:43:35,ABC,0,874940.0
2024-04-22,09:43:36,ABC,0,874940.0
2024-04-22,09:43:37,ABC,0,874940.0
2024-04-22,09:43:38,ABC,0,874940.0
2024-04-22,09:43:39,ABC,0,874940.0
2024-04-22,09:43:40,ABC,275,875215.0
2024-04-22,09:43:41,ABC,0,875215.0
2024-04-22,09:43:42,ABC,0,875215.0
2024-04-22,09:43:43,ABC,0,875215.0
2024-04-22,09:43:44,ABC,0,875215.0
2024-04-22,09:43:45,ABC,0,875215.0
2024-04-22,09:43:46,ABC,0,875215.0
2024-04-22,09:43:47,ABC,0,875215.0
2024-04-22,09:43:48,ABC,748,875963.0
2024-04-22,09:43:49,ABC,0,875963.0
2024-04-22,09:43:50,ABC,0,875963.0
2024-04-22,09:43:51,ABC,0,875963.0
2024-04-22,09:43:52,ABC,0,875963.0
2024-04-22,09:43:53,ABC,0,875963.0
2024-04-22,09:43:54,ABC,0,875963.0
2024-04-22,09:43:55,ABC,1532,877495.0
2024-04-22,09:43:56,ABC,0,877495.0
2024-04-22,09:43:57,ABC,0,877495.0
2024-04-22,09:43:58,ABC,0,877495.0
2024-04-22,09:43:59,ABC,0,877495.0
2024-04-22,09:44:00,ABC,0,877495.0
2024-04-22,09:44:01,ABC,0,877495.0
2024-04-22,09:44:02,ABC,201,877696.0
2024-04-22,09:44:03,ABC,0,877696.0
2024-04-22,09:44:04,ABC,0,877696.0
2024-04-22,09:44:05,ABC,0,877696.0
2024-04-22,09:44:06,ABC,0,877696.0
2024-04-22,09:44:07,ABC,0,877696.0
2024-04-22,09:44:08,ABC,0,877696.0
2024-04-22,09:44:09,ABC,2515,880211.0
2024-04-22,09:44:10,ABC,0,880211.0
2024-04-22,09:44:11,ABC,0,880211.0
2024-04-22,09:44:12,ABC,0,880211.0
2024-04-22,09:44:13,ABC,0,880211.0
2024-04-22,09:44:14,ABC,0,880211.0
2024-04-22,09:44:15,ABC,0,880211.0
2024-04-22,09:44:16,ABC,2260,882471.0
2024-04-22,09:44:17,ABC,0,882471.0
2024-04-22,09:44:18,ABC,0,882471.0
2024-04-22,09:44:19,ABC,0,882471.0
2024-04-22,09:44:20,ABC,0,882471.0
2024-04-22,09:44:21,ABC,0,882471.0
2024-04-22,09:44:22,ABC,0,882471.0
2024-04-22,09:44:23,ABC,436,882907.0
2024-04-22,09:44:24,ABC,0,882907.0
2024-04-22,09:44:25,ABC,0,882907.0
2024-04-22,09:44:26,ABC,0,882907.0
2024-04-22,09:44:27,ABC,0,882907.0
2024-04-22,09:44:28,ABC,0,882907.0
2024-04-22,09:44:29,ABC,0,882907.0
2024-04-22,09:44:30,ABC,0,882907.0
2024-04-22,09:44:31,ABC,933,883840.0
2024-04-22,09:44:32,ABC,0,883840.0
2024-04-22,09:44:33,ABC,0,883840.0
2024-04-22,09:44:34,ABC,0,883840.0
2024-04-22,09:44:35,ABC,0,883840.0
2024-04-22,09:44:36,ABC,0,883840.0
2024-04-22,09:44:37,ABC,537,884377.0
2024-04-22,09:44:38,ABC,0,884377.0
2024-04-22,09:44:39,ABC,0,884377.0
2024-04-22,09:44:40,ABC,0,884377.0
2024-04-22,09:44:41,ABC,0,884377.0
2024-04-22,09:44:42,ABC,0,884377.0
2024-04-22,09:44:43,ABC,0,884377.0
2024-04-22,09:44:44,ABC,180,884557.0
2024-04-22,09:44:45,ABC,0,884557.0
2024-04-22,09:44:46,ABC,0,884557.0
2024-04-22,09:44:47,ABC,0,884557.0
2024-04-22,09:44:48,ABC,0,884557.0
2024-04-22,09:44:49,ABC,0,884557.0
2024-04-22,09:44:50,ABC,0,884557.0
2024-04-22,09:44:51,ABC,5636,890193.0
2024-04-22,09:44:52,ABC,0,890193.0
2024-04-22,09:44:53,ABC,0,890193.0
2024-04-22,09:44:54,ABC,0,890193.0
2024-04-22,09:44:55,ABC,0,890193.0
2024-04-22,09:44:56,ABC,0,890193.0
2024-04-22,09:44:57,ABC,0,890193.0
2024-04-22,09:44:58,ABC,3640,893833.0
2024-04-22,09:44:59,ABC,0,893833.0
2024-04-22,09:45:00,ABC,0,893833.0
2024-04-22,09:45:01,ABC,0,893833.0
2024-04-22,09:45:02,ABC,0,893833.0
2024-04-22,09:45:03,ABC,0,893833.0
2024-04-22,09:45:04,ABC,0,893833.0
2024-04-22,09:45:05,ABC,0,893833.0
2024-04-22,09:45:06,ABC,240,894073.0
2024-04-22,09:45:07,ABC,0,894073.0
2024-04-22,09:45:08,ABC,50,894123.0
2024-04-22,09:45:09,ABC,181,894304.0
2024-04-22,09:45:10,ABC,16,894320.0
2024-04-22,09:45:11,ABC,0,894320.0
2024-04-22,09:45:12,ABC,1,894321.0
2024-04-22,09:45:13,ABC,0,894321.0
2024-04-22,09:45:14,ABC,103,894424.0
2024-04-22,09:45:15,ABC,31,894455.0
2024-04-22,09:45:16,ABC,105,894560.0
2024-04-22,09:45:17,ABC,84,894644.0
2024-04-22,09:45:18,ABC,1,894645.0
2024-04-22,09:45:19,ABC,0,894645.0
2024-04-22,09:45:20,ABC,2,894647.0
2024-04-22,09:45:21,ABC,0,894647.0
2024-04-22,09:45:22,ABC,35,894682.0
2024-04-22,09:45:23,ABC,27,894709.0
2024-04-22,09:45:24,ABC,0,894709.0
2024-04-22,09:45:25,ABC,1,894710.0
2024-04-22,09:45:26,ABC,2,894712.0
2024-04-22,09:45:27,ABC,0,894712.0
2024-04-22,09:45:28,ABC,1,894713.0
2024-04-22,09:45:29,ABC,0,894713.0
2024-04-22,09:45:30,ABC,95,894808.0
2024-04-22,09:45:31,ABC,681,895489.0
2024-04-22,09:45:32,ABC,30,895519.0
2024-04-22,09:45:33,ABC,0,895519.0
2024-04-22,09:45:34,ABC,5,895524.0
2024-04-22,09:45:35,ABC,0,895524.0
2024-04-22,09:45:36,ABC,11,895535.0
2024-04-22,09:45:37,ABC,0,895535.0
2024-04-22,09:45:38,ABC,73,895608.0
2024-04-22,09:45:39,ABC,39,895647.0
2024-04-22,09:45:40,ABC,200,895847.0
2024-04-22,09:45:41,ABC,25,895872.0
2024-04-22,09:45:42,ABC,0,895872.0
2024-04-22,09:45:43,ABC,0,895872.0
2024-04-22,09:45:44,ABC,90,895962.0
2024-04-22,09:45:45,ABC,2,895964.0
2024-04-22,09:45:46,ABC,92,896056.0
2024-04-22,09:45:47,ABC,500,896556.0
2024-04-22,09:45:48,ABC,0,896556.0
2024-04-22,09:45:49,ABC,0,896556.0
2024-04-22,09:45:50,ABC,350,896906.0
2024-04-22,09:45:51,ABC,0,896906.0
2024-04-22,09:45:52,ABC,1,896907.0
2024-04-22,09:45:53,ABC,16,896923.0
2024-04-22,09:45:54,ABC,3,896926.0
2024-04-22,09:45:55,ABC,2,896928.0
2024-04-22,09:45:56,ABC,31,896959.0
2024-04-22,09:45:57,ABC,0,896959.0
2024-04-22,09:45:58,ABC,0,896959.0
2024-04-22,09:45:59,ABC,130,897089.0
2024-04-22,09:46:00,ABC,0,897089.0
2024-04-22,09:46:01,ABC,0,897089.0
2024-04-22,09:46:02,ABC,841,897930.0
2024-04-22,09:46:03,ABC,0,897930.0
2024-04-22,09:46:04,ABC,2,897932.0
2024-04-22,09:46:05,ABC,0,897932.0
2024-04-22,09:46:06,ABC,0,897932.0
2024-04-22,09:46:07,ABC,0,897932.0
2024-04-22,09:46:08,ABC,0,897932.0
2024-04-22,09:46:09,ABC,1767,899699.0
2024-04-22,09:46:10,ABC,0,899699.0
2024-04-22,09:46:11,ABC,0,899699.0
2024-04-22,09:46:12,ABC,0,899699.0
2024-04-22,09:46:13,ABC,0,899699.0
2024-04-22,09:46:14,ABC,0,899699.0
2024-04-22,09:46:15,ABC,0,899699.0
2024-04-22,09:46:16,ABC,3607,903306.0
2024-04-22,09:46:17,ABC,0,903306.0
2024-04-22,09:46:18,ABC,0,903306.0
2024-04-22,09:46:19,ABC,0,903306.0
2024-04-22,09:46:20,ABC,0,903306.0
2024-04-22,09:46:21,ABC,0,903306.0
2024-04-22,09:46:22,ABC,0,903306.0
2024-04-22,09:46:23,ABC,1648,904954.0
2024-04-22,09:46:24,ABC,0,904954.0
2024-04-22,09:46:25,ABC,0,904954.0
2024-04-22,09:46:26,ABC,0,904954.0
2024-04-22,09:46:27,ABC,0,904954.0
2024-04-22,09:46:28,ABC,0,904954.0
2024-04-22,09:46:29,ABC,0,904954.0
2024-04-22,09:46:30,ABC,105,905059.0
2024-04-22,09:46:31,ABC,0,905059.0
2024-04-22,09:46:32,ABC,0,905059.0
2024-04-22,09:46:33,ABC,0,905059.0
2024-04-22,09:46:34,ABC,0,905059.0
2024-04-22,09:46:35,ABC,0,905059.0
2024-04-22,09:46:36,ABC,0,905059.0
2024-04-22,09:46:37,ABC,1087,906146.0
2024-04-22,09:46:38,ABC,0,906146.0
2024-04-22,09:46:39,ABC,0,906146.0
2024-04-22,09:46:40,ABC,0,906146.0
2024-04-22,09:46:41,ABC,0,906146.0
2024-04-22,09:46:42,ABC,0,906146.0
2024-04-22,09:46:43,ABC,0,906146.0
2024-04-22,09:46:44,ABC,604,906750.0
2024-04-22,09:46:45,ABC,0,906750.0
2024-04-22,09:46:46,ABC,0,906750.0
2024-04-22,09:46:47,ABC,0,906750.0
2024-04-22,09:46:48,ABC,0,906750.0
2024-04-22,09:46:49,ABC,0,906750.0
2024-04-22,09:46:50,ABC,0,906750.0
2024-04-22,09:46:51,ABC,495,907245.0
2024-04-22,09:46:52,ABC,0,907245.0
2024-04-22,09:46:53,ABC,0,907245.0
2024-04-22,09:46:54,ABC,0,907245.0
2024-04-22,09:46:55,ABC,0,907245.0
2024-04-22,09:46:56,ABC,0,907245.0
2024-04-22,09:46:57,ABC,0,907245.0
2024-04-22,09:46:58,ABC,522,907767.0
2024-04-22,09:46:59,ABC,0,907767.0
2024-04-22,09:47:00,ABC,0,907767.0
2024-04-22,09:47:01,ABC,0,907767.0
2024-04-22,09:47:02,ABC,0,907767.0
2024-04-22,09:47:03,ABC,0,907767.0
2024-04-22,09:47:04,ABC,23,907790.0
2024-04-22,09:47:05,ABC,0,907790.0
2024-04-22,09:47:06,ABC,0,907790.0
2024-04-22,09:47:07,ABC,0,907790.0
2024-04-22,09:47:08,ABC,0,907790.0
2024-04-22,09:47:09,ABC,0,907790.0
2024-04-22,09:47:10,ABC,0,907790.0
2024-04-22,09:47:11,ABC,0,907790.0
2024-04-22,09:47:12,ABC,39,907829.0
2024-04-22,09:47:13,ABC,0,907829.0
2024-04-22,09:47:14,ABC,0,907829.0
2024-04-22,09:47:15,ABC,0,907829.0
2024-04-22,09:47:16,ABC,0,907829.0
2024-04-22,09:47:17,ABC,0,907829.0
2024-04-22,09:47:18,ABC,0,907829.0
2024-04-22,09:47:19,ABC,776,908605.0
2024-04-22,09:47:20,ABC,0,908605.0
2024-04-22,09:47:21,ABC,0,908605.0
2024-04-22,09:47:22,ABC,0,908605.0
2024-04-22,09:47:23,ABC,0,908605.0
2024-04-22,09:47:24,ABC,0,908605.0
2024-04-22,09:47:25,ABC,0,908605.0
2024-04-22,09:47:26,ABC,200,908805.0
2024-04-22,09:47:27,ABC,0,908805.0
2024-04-22,09:47:28,ABC,0,908805.0
2024-04-22,09:47:29,ABC,0,908805.0
2024-04-22,09:47:30,ABC,0,908805.0
2024-04-22,09:47:31,ABC,0,908805.0
2024-04-22,09:47:32,ABC,0,908805.0
2024-04-22,09:47:33,ABC,254,909059.0
2024-04-22,09:47:34,ABC,0,909059.0
2024-04-22,09:47:35,ABC,0,909059.0
2024-04-22,09:47:36,ABC,0,909059.0
2024-04-22,09:47:37,ABC,0,909059.0
2024-04-22,09:47:38,ABC,0,909059.0
2024-04-22,09:47:39,ABC,0,909059.0
2024-04-22,09:47:40,ABC,151,909210.0
2024-04-22,09:47:41,ABC,0,909210.0
2024-04-22,09:47:42,ABC,0,909210.0
2024-04-22,09:47:43,ABC,0,909210.0
2024-04-22,09:47:44,ABC,0,909210.0
2024-04-22,09:47:45,ABC,0,909210.0
2024-04-22,09:47:46,ABC,0,909210.0
2024-04-22,09:47:47,ABC,85,909295.0
2024-04-22,09:47:48,ABC,0,909295.0
2024-04-22,09:47:49,ABC,0,909295.0
2024-04-22,09:47:50,ABC,0,909295.0
2024-04-22,09:47:51,ABC,0,909295.0
2024-04-22,09:47:52,ABC,0,909295.0
2024-04-22,09:47:53,ABC,0,909295.0
2024-04-22,09:47:54,ABC,106,909401.0
2024-04-22,09:47:55,ABC,0,909401.0
2024-04-22,09:47:56,ABC,0,909401.0
2024-04-22,09:47:57,ABC,0,909401.0
2024-04-22,09:47:58,ABC,0,909401.0
2024-04-22,09:47:59,ABC,0,909401.0
2024-04-22,09:48:00,ABC,558,909959.0
2024-04-22,09:48:01,ABC,0,909959.0
2024-04-22,09:48:02,ABC,0,909959.0
2024-04-22,09:48:03,ABC,0,909959.0
2024-04-22,09:48:04,ABC,0,909959.0
2024-04-22,09:48:05,ABC,0,909959.0
2024-04-22,09:48:06,ABC,0,909959.0
2024-04-22,09:48:07,ABC,1225,911184.0
2024-04-22,09:48:08,ABC,0,911184.0
2024-04-22,09:48:09,ABC,0,911184.0
2024-04-22,09:48:10,ABC,0,911184.0
2024-04-22,09:48:11,ABC,0,911184.0
2024-04-22,09:48:12,ABC,0,911184.0
2024-04-22,09:48:13,ABC,0,911184.0
2024-04-22,09:48:14,ABC,45,911229.0
2024-04-22,09:48:15,ABC,0,911229.0
2024-04-22,09:48:16,ABC,0,911229.0
2024-04-22,09:48:17,ABC,0,911229.0
2024-04-22,09:48:18,ABC,0,911229.0
2024-04-22,09:48:19,ABC,0,911229.0
2024-04-22,09:48:20,ABC,0,911229.0
2024-04-22,09:48:21,ABC,3042,914271.0
2024-04-22,09:48:22,ABC,0,914271.0
2024-04-22,09:48:23,ABC,0,914271.0
2024-04-22,09:48:24,ABC,0,914271.0
2024-04-22,09:48:25,ABC,0,914271.0
2024-04-22,09:48:26,ABC,0,914271.0
2024-04-22,09:48:27,ABC,0,914271.0
2024-04-22,09:48:28,ABC,1,914272.0
2024-04-22,09:48:29,ABC,0,914272.0
2024-04-22,09:48:30,ABC,0,914272.0
2024-04-22,09:48:31,ABC,0,914272.0
2024-04-22,09:48:32,ABC,0,914272.0
2024-04-22,09:48:33,ABC,0,914272.0
2024-04-22,09:48:34,ABC,0,914272.0
2024-04-22,09:48:35,ABC,828,915100.0
2024-04-22,09:48:36,ABC,0,915100.0
2024-04-22,09:48:37,ABC,0,915100.0
2024-04-22,09:48:38,ABC,0,915100.0
2024-04-22,09:48:39,ABC,0,915100.0
2024-04-22,09:48:40,ABC,0,915100.0
2024-04-22,09:48:41,ABC,0,915100.0
2024-04-22,09:48:42,ABC,236,915336.0
2024-04-22,09:48:43,ABC,0,915336.0
2024-04-22,09:48:44,ABC,0,915336.0
2024-04-22,09:48:45,ABC,0,915336.0
2024-04-22,09:48:46,ABC,0,915336.0
2024-04-22,09:48:47,ABC,0,915336.0
2024-04-22,09:48:48,ABC,0,915336.0
2024-04-22,09:48:49,ABC,1270,916606.0
2024-04-22,09:48:50,ABC,0,916606.0
2024-04-22,09:48:51,ABC,0,916606.0
2024-04-22,09:48:52,ABC,0,916606.0
2024-04-22,09:48:53,ABC,0,916606.0
2024-04-22,09:48:54,ABC,0,916606.0
2024-04-22,09:48:55,ABC,0,916606.0
2024-04-22,09:48:56,ABC,457,917063.0
2024-04-22,09:48:57,ABC,0,917063.0
2024-04-22,09:48:58,ABC,0,917063.0
2024-04-22,09:48:59,ABC,0,917063.0
2024-04-22,09:49:00,ABC,0,917063.0
2024-04-22,09:49:01,ABC,0,917063.0
2024-04-22,09:49:02,ABC,0,917063.0
2024-04-22,09:49:03,ABC,50,917113.0
2024-04-22,09:49:04,ABC,0,917113.0
2024-04-22,09:49:05,ABC,0,917113.0
2024-04-22,09:49:06,ABC,0,917113.0
2024-04-22,09:49:07,ABC,0,917113.0
2024-04-22,09:49:08,ABC,0,917113.0
2024-04-22,09:49:09,ABC,0,917113.0
2024-04-22,09:49:10,ABC,0,917113.0
2024-04-22,09:49:11,ABC,50,917163.0
2024-04-22,09:49:12,ABC,0,917163.0
2024-04-22,09:49:13,ABC,0,917163.0
2024-04-22,09:49:14,ABC,0,917163.0
2024-04-22,09:49:15,ABC,0,917163.0
2024-04-22,09:49:16,ABC,0,917163.0
2024-04-22,09:49:17,ABC,100,917263.0
2024-04-22,09:49:18,ABC,0,917263.0
2024-04-22,09:49:19,ABC,0,917263.0
2024-04-22,09:49:20,ABC,0,917263.0
2024-04-22,09:49:21,ABC,0,917263.0
2024-04-22,09:49:22,ABC,0,917263.0
2024-04-22,09:49:23,ABC,0,917263.0
2024-04-22,09:49:24,ABC,73,917336.0
2024-04-22,09:49:25,ABC,0,917336.0
2024-04-22,09:49:26,ABC,0,917336.0
2024-04-22,09:49:27,ABC,0,917336.0
2024-04-22,09:49:28,ABC,0,917336.0
2024-04-22,09:49:29,ABC,0,917336.0
2024-04-22,09:49:30,ABC,0,917336.0
2024-04-22,09:49:31,ABC,253,917589.0
2024-04-22,09:49:32,ABC,0,917589.0
2024-04-22,09:49:33,ABC,0,917589.0
2024-04-22,09:49:34,ABC,0,917589.0
2024-04-22,09:49:35,ABC,0,917589.0
2024-04-22,09:49:36,ABC,0,917589.0
2024-04-22,09:49:37,ABC,0,917589.0
2024-04-22,09:49:38,ABC,319,917908.0
2024-04-22,09:49:39,ABC,0,917908.0
2024-04-22,09:49:40,ABC,0,917908.0
2024-04-22,09:49:41,ABC,0,917908.0
2024-04-22,09:49:42,ABC,0,917908.0
2024-04-22,09:49:43,ABC,0,917908.0
2024-04-22,09:49:44,ABC,0,917908.0
2024-04-22,09:49:45,ABC,6144,924052.0
2024-04-22,09:49:46,ABC,0,924052.0
2024-04-22,09:49:47,ABC,0,924052.0
2024-04-22,09:49:48,ABC,0,924052.0
2024-04-22,09:49:49,ABC,0,924052.0
2024-04-22,09:49:50,ABC,0,924052.0
2024-04-22,09:49:51,ABC,0,924052.0
2024-04-22,09:49:52,ABC,161,924213.0
2024-04-22,09:49:53,ABC,0,924213.0
2024-04-22,09:49:54,ABC,0,924213.0
2024-04-22,09:49:55,ABC,0,924213.0
2024-04-22,09:49:56,ABC,0,924213.0
2024-04-22,09:49:57,ABC,0,924213.0
2024-04-22,09:49:58,ABC,0,924213.0
2024-04-22,09:49:59,ABC,301,924514.0
2024-04-22,09:50:00,ABC,0,924514.0
2024-04-22,09:50:01,ABC,0,924514.0
2024-04-22,09:50:02,ABC,0,924514.0
2024-04-22,09:50:03,ABC,0,924514.0
2024-04-22,09:50:04,ABC,0,924514.0
2024-04-22,09:50:05,ABC,0,924514.0
2024-04-22,09:50:06,ABC,205,924719.0
2024-04-22,09:50:07,ABC,0,924719.0
2024-04-22,09:50:08,ABC,0,924719.0
2024-04-22,09:50:09,ABC,0,924719.0
2024-04-22,09:50:10,ABC,0,924719.0
2024-04-22,09:50:11,ABC,0,924719.0
2024-04-22,09:50:12,ABC,0,924719.0
2024-04-22,09:50:13,ABC,752,925471.0
2024-04-22,09:50:14,ABC,0,925471.0
2024-04-22,09:50:15,ABC,0,925471.0
2024-04-22,09:50:16,ABC,0,925471.0
2024-04-22,09:50:17,ABC,0,925471.0
2024-04-22,09:50:18,ABC,0,925471.0
2024-04-22,09:50:19,ABC,0,925471.0
2024-04-22,09:50:20,ABC,12,925483.0
2024-04-22,09:50:21,ABC,0,925483.0
2024-04-22,09:50:22,ABC,0,925483.0
2024-04-22,09:50:23,ABC,0,925483.0
2024-04-22,09:50:24,ABC,0,925483.0
2024-04-22,09:50:25,ABC,0,925483.0
2024-04-22,09:50:26,ABC,0,925483.0
2024-04-22,09:50:27,ABC,1,925484.0
2024-04-22,09:50:28,ABC,0,925484.0
2024-04-22,09:50:29,ABC,0,925484.0
2024-04-22,09:50:30,ABC,0,925484.0
2024-04-22,09:50:31,ABC,0,925484.0
2024-04-22,09:50:32,ABC,0,925484.0
2024-04-22,09:50:33,ABC,0,925484.0
2024-04-22,09:50:34,ABC,51,925535.0
2024-04-22,09:50:35,ABC,0,925535.0
2024-04-22,09:50:36,ABC,0,925535.0
2024-04-22,09:50:37,ABC,0,925535.0
2024-04-22,09:50:38,ABC,0,925535.0
2024-04-22,09:50:39,ABC,0,925535.0
2024-04-22,09:50:40,ABC,0,925535.0
2024-04-22,09:50:41,ABC,223,925758.0
2024-04-22,09:50:42,ABC,0,925758.0
2024-04-22,09:50:43,ABC,0,925758.0
2024-04-22,09:50:44,ABC,0,925758.0
2024-04-22,09:50:45,ABC,0,925758.0
2024-04-22,09:50:46,ABC,0,925758.0
2024-04-22,09:50:47,ABC,0,925758.0
2024-04-22,09:50:48,ABC,0,925758.0
2024-04-22,09:50:49,ABC,0,925758.0
2024-04-22,09:50:50,ABC,0,925758.0
2024-04-22,09:50:51,ABC,0,925758.0
2024-04-22,09:50:52,ABC,0,925758.0
2024-04-22,09:50:53,ABC,0,925758.0
2024-04-22,09:50:54,ABC,0,925758.0
2024-04-22,09:50:55,ABC,424,926182.0
2024-04-22,09:50:56,ABC,0,926182.0
2024-04-22,09:50:57,ABC,0,926182.0
2024-04-22,09:50:58,ABC,0,926182.0
2024-04-22,09:50:59,ABC,0,926182.0
2024-04-22,09:51:00,ABC,0,926182.0
2024-04-22,09:51:01,ABC,490,926672.0
2024-04-22,09:51:02,ABC,0,926672.0
2024-04-22,09:51:03,ABC,0,926672.0
2024-04-22,09:51:04,ABC,0,926672.0
2024-04-22,09:51:05,ABC,0,926672.0
2024-04-22,09:51:06,ABC,0,926672.0
2024-04-22,09:51:07,ABC,0,926672.0
2024-04-22,09:51:08,ABC,454,927126.0
2024-04-22,09:51:09,ABC,0,927126.0
2024-04-22,09:51:10,ABC,0,927126.0
2024-04-22,09:51:11,ABC,0,927126.0
2024-04-22,09:51:12,ABC,0,927126.0
2024-04-22,09:51:13,ABC,0,927126.0
2024-04-22,09:51:14,ABC,0,927126.0
2024-04-22,09:51:15,ABC,32,927158.0
2024-04-22,09:51:16,ABC,0,927158.0
2024-04-22,09:51:17,ABC,0,927158.0
2024-04-22,09:51:18,ABC,0,927158.0
2024-04-22,09:51:19,ABC,0,927158.0
2024-04-22,09:51:20,ABC,0,927158.0
2024-04-22,09:51:21,ABC,0,927158.0
2024-04-22,09:51:22,ABC,6101,933259.0
2024-04-22,09:51:23,ABC,0,933259.0
2024-04-22,09:51:24,ABC,0,933259.0
2024-04-22,09:51:25,ABC,0,933259.0
2024-04-22,09:51:26,ABC,0,933259.0
2024-04-22,09:51:27,ABC,0,933259.0
2024-04-22,09:51:28,ABC,0,933259.0
2024-04-22,09:51:29,ABC,866,934125.0
2024-04-22,09:51:30,ABC,0,934125.0
2024-04-22,09:51:31,ABC,0,934125.0
2024-04-22,09:51:32,ABC,0,934125.0
2024-04-22,09:51:33,ABC,0,934125.0
2024-04-22,09:51:34,ABC,0,934125.0
2024-04-22,09:51:35,ABC,1809,935934.0
2024-04-22,09:51:36,ABC,0,935934.0
2024-04-22,09:51:37,ABC,0,935934.0
2024-04-22,09:51:38,ABC,0,935934.0
2024-04-22,09:51:39,ABC,0,935934.0
2024-04-22,09:51:40,ABC,0,935934.0
2024-04-22,09:51:41,ABC,0,935934.0
2024-04-22,09:51:42,ABC,367,936301.0
2024-04-22,09:51:43,ABC,0,936301.0
2024-04-22,09:51:44,ABC,0,936301.0
2024-04-22,09:51:45,ABC,0,936301.0
2024-04-22,09:51:46,ABC,0,936301.0
2024-04-22,09:51:47,ABC,0,936301.0
2024-04-22,09:51:48,ABC,0,936301.0
2024-04-22,09:51:49,ABC,1627,937928.0
2024-04-22,09:51:50,ABC,0,937928.0
2024-04-22,09:51:51,ABC,0,937928.0
2024-04-22,09:51:52,ABC,0,937928.0
2024-04-22,09:51:53,ABC,0,937928.0
2024-04-22,09:51:54,ABC,0,937928.0
2024-04-22,09:51:55,ABC,0,937928.0
2024-04-22,09:51:56,ABC,340,938268.0
2024-04-22,09:51:57,ABC,0,938268.0
2024-04-22,09:51:58,ABC,0,938268.0
2024-04-22,09:51:59,ABC,0,938268.0
2024-04-22,09:52:00,ABC,0,938268.0
2024-04-22,09:52:01,ABC,0,938268.0
2024-04-22,09:52:02,ABC,0,938268.0
2024-04-22,09:52:03,ABC,1004,939272.0
2024-04-22,09:52:04,ABC,0,939272.0
2024-04-22,09:52:05,ABC,0,939272.0
2024-04-22,09:52:06,ABC,1263,940535.0
2024-04-22,09:52:07,ABC,0,940535.0
2024-04-22,09:52:08,ABC,190,940725.0
2024-04-22,09:52:09,ABC,0,940725.0
2024-04-22,09:52:10,ABC,3007,943732.0
2024-04-22,09:52:11,ABC,420,944152.0
2024-04-22,09:52:12,ABC,25,944177.0
2024-04-22,09:52:13,ABC,36,944213.0
2024-04-22,09:52:14,ABC,0,944213.0
2024-04-22,09:52:15,ABC,5,944218.0
2024-04-22,09:52:16,ABC,0,944218.0
2024-04-22,09:52:17,ABC,1,944219.0
2024-04-22,09:52:18,ABC,0,944219.0
2024-04-22,09:52:19,ABC,0,944219.0
2024-04-22,09:52:20,ABC,0,944219.0
2024-04-22,09:52:21,ABC,1,944220.0
2024-04-22,09:52:22,ABC,0,944220.0
2024-04-22,09:52:23,ABC,0,944220.0
2024-04-22,09:52:24,ABC,1006,945226.0
2024-04-22,09:52:25,ABC,0,945226.0
2024-04-22,09:52:26,ABC,0,945226.0
2024-04-22,09:52:27,ABC,50,945276.0
2024-04-22,09:52:28,ABC,0,945276.0
2024-04-22,09:52:29,ABC,0,945276.0
2024-04-22,09:52:30,ABC,0,945276.0
2024-04-22,09:52:31,ABC,0,945276.0
2024-04-22,09:52:32,ABC,0,945276.0
2024-04-22,09:52:33,ABC,10,945286.0
2024-04-22,09:52:34,ABC,6,945292.0
2024-04-22,09:52:35,ABC,1,945293.0
2024-04-22,09:52:36,ABC,25,945318.0
2024-04-22,09:52:37,ABC,40,945358.0
2024-04-22,09:52:38,ABC,0,945358.0
2024-04-22,09:52:39,ABC,0,945358.0
2024-04-22,09:52:40,ABC,770,946128.0
2024-04-22,09:52:41,ABC,70,946198.0
2024-04-22,09:52:42,ABC,0,946198.0
2024-04-22,09:52:43,ABC,20,946218.0
2024-04-22,09:52:44,ABC,303,946521.0
2024-04-22,09:52:45,ABC,78,946599.0
2024-04-22,09:52:46,ABC,50,946649.0
2024-04-22,09:52:47,ABC,416,947065.0
2024-04-22,09:52:48,ABC,1,947066.0
2024-04-22,09:52:49,ABC,0,947066.0
2024-04-22,09:52:50,ABC,2053,949119.0
2024-04-22,09:52:51,ABC,0,949119.0
2024-04-22,09:52:52,ABC,100,949219.0
2024-04-22,09:52:53,ABC,0,949219.0
2024-04-22,09:52:54,ABC,903,950122.0
2024-04-22,09:52:55,ABC,0,950122.0
2024-04-22,09:52:56,ABC,200,950322.0
2024-04-22,09:52:57,ABC,0,950322.0
2024-04-22,09:52:58,ABC,250,950572.0
2024-04-22,09:52:59,ABC,0,950572.0
2024-04-22,09:53:00,ABC,12,950584.0
2024-04-22,09:53:01,ABC,0,950584.0
2024-04-22,09:53:02,ABC,0,950584.0
2024-04-22,09:53:03,ABC,0,950584.0
2024-04-22,09:53:04,ABC,25,950609.0
2024-04-22,09:53:05,ABC,100,950709.0
2024-04-22,09:53:06,ABC,0,950709.0
2024-04-22,09:53:07,ABC,0,950709.0
2024-04-22,09:53:08,ABC,0,950709.0
2024-04-22,09:53:09,ABC,0,950709.0
2024-04-22,09:53:10,ABC,0,950709.0
2024-04-22,09:53:11,ABC,341,951050.0
2024-04-22,09:53:12,ABC,0,951050.0
2024-04-22,09:53:13,ABC,0,951050.0
2024-04-22,09:53:14,ABC,0,951050.0
2024-04-22,09:53:15,ABC,0,951050.0
2024-04-22,09:53:16,ABC,0,951050.0
2024-04-22,09:53:17,ABC,0,951050.0
2024-04-22,09:53:18,ABC,438,951488.0
2024-04-22,09:53:19,ABC,0,951488.0
2024-04-22,09:53:20,ABC,0,951488.0
2024-04-22,09:53:21,ABC,0,951488.0
2024-04-22,09:53:22,ABC,0,951488.0
2024-04-22,09:53:23,ABC,0,951488.0
2024-04-22,09:53:24,ABC,0,951488.0
2024-04-22,09:53:25,ABC,130,951618.0
2024-04-22,09:53:26,ABC,0,951618.0
2024-04-22,09:53:27,ABC,0,951618.0
2024-04-22,09:53:28,ABC,0,951618.0
2024-04-22,09:53:29,ABC,0,951618.0
2024-04-22,09:53:30,ABC,0,951618.0
2024-04-22,09:53:31,ABC,262,951880.0
2024-04-22,09:53:32,ABC,0,951880.0
2024-04-22,09:53:33,ABC,0,951880.0
2024-04-22,09:53:34,ABC,0,951880.0
2024-04-22,09:53:35,ABC,0,951880.0
2024-04-22,09:53:36,ABC,0,951880.0
2024-04-22,09:53:37,ABC,0,951880.0
2024-04-22,09:53:38,ABC,47,951927.0
2024-04-22,09:53:39,ABC,0,951927.0
2024-04-22,09:53:40,ABC,0,951927.0
2024-04-22,09:53:41,ABC,0,951927.0
2024-04-22,09:53:42,ABC,0,951927.0
2024-04-22,09:53:43,ABC,0,951927.0
2024-04-22,09:53:44,ABC,0,951927.0
2024-04-22,09:53:45,ABC,376,952303.0
2024-04-22,09:53:46,ABC,0,952303.0
2024-04-22,09:53:47,ABC,0,952303.0
2024-04-22,09:53:48,ABC,0,952303.0
2024-04-22,09:53:49,ABC,0,952303.0
2024-04-22,09:53:50,ABC,0,952303.0
2024-04-22,09:53:51,ABC,498,952801.0
2024-04-22,09:53:52,ABC,0,952801.0
2024-04-22,09:53:53,ABC,0,952801.0
2024-04-22,09:53:54,ABC,0,952801.0
2024-04-22,09:53:55,ABC,0,952801.0
2024-04-22,09:53:56,ABC,0,952801.0
2024-04-22,09:53:57,ABC,1552,954353.0
2024-04-22,09:53:58,ABC,0,954353.0
2024-04-22,09:53:59,ABC,0,954353.0
2024-04-22,09:54:00,ABC,0,954353.0
2024-04-22,09:54:01,ABC,0,954353.0
2024-04-22,09:54:02,ABC,0,954353.0
2024-04-22,09:54:03,ABC,0,954353.0
2024-04-22,09:54:04,ABC,71,954424.0
2024-04-22,09:54:05,ABC,0,954424.0
2024-04-22,09:54:06,ABC,0,954424.0
2024-04-22,09:54:07,ABC,0,954424.0
2024-04-22,09:54:08,ABC,0,954424.0
2024-04-22,09:54:09,ABC,0,954424.0
2024-04-22,09:54:10,ABC,231,954655.0
2024-04-22,09:54:11,ABC,0,954655.0
2024-04-22,09:54:12,ABC,0,954655.0
2024-04-22,09:54:13,ABC,0,954655.0
2024-04-22,09:54:14,ABC,0,954655.0
2024-04-22,09:54:15,ABC,0,954655.0
2024-04-22,09:54:16,ABC,0,954655.0
2024-04-22,09:54:17,ABC,660,955315.0
2024-04-22,09:54:18,ABC,0,955315.0
2024-04-22,09:54:19,ABC,0,955315.0
2024-04-22,09:54:20,ABC,0,955315.0
2024-04-22,09:54:21,ABC,0,955315.0
2024-04-22,09:54:22,ABC,0,955315.0
2024-04-22,09:54:23,ABC,90,955405.0
2024-04-22,09:54:24,ABC,0,955405.0
2024-04-22,09:54:25,ABC,0,955405.0
2024-04-22,09:54:26,ABC,0,955405.0
2024-04-22,09:54:27,ABC,0,955405.0
2024-04-22,09:54:28,ABC,0,955405.0
2024-04-22,09:54:29,ABC,0,955405.0
2024-04-22,09:54:30,ABC,842,956247.0
2024-04-22,09:54:31,ABC,0,956247.0
2024-04-22,09:54:32,ABC,0,956247.0
2024-04-22,09:54:33,ABC,0,956247.0
2024-04-22,09:54:34,ABC,0,956247.0
2024-04-22,09:54:35,ABC,0,956247.0
2024-04-22,09:54:36,ABC,0,956247.0
2024-04-22,09:54:37,ABC,0,956247.0
2024-04-22,09:54:38,ABC,227,956474.0
2024-04-22,09:54:39,ABC,0,956474.0
2024-04-22,09:54:40,ABC,0,956474.0
2024-04-22,09:54:41,ABC,0,956474.0
2024-04-22,09:54:42,ABC,0,956474.0
2024-04-22,09:54:43,ABC,0,956474.0
2024-04-22,09:54:44,ABC,526,957000.0
2024-04-22,09:54:45,ABC,0,957000.0
2024-04-22,09:54:46,ABC,0,957000.0
2024-04-22,09:54:47,ABC,0,957000.0
2024-04-22,09:54:48,ABC,0,957000.0
2024-04-22,09:54:49,ABC,0,957000.0
2024-04-22,09:54:50,ABC,0,957000.0
2024-04-22,09:54:51,ABC,104,957104.0
2024-04-22,09:54:52,ABC,0,957104.0
2024-04-22,09:54:53,ABC,0,957104.0
2024-04-22,09:54:54,ABC,0,957104.0
2024-04-22,09:54:55,ABC,0,957104.0
2024-04-22,09:54:56,ABC,0,957104.0
2024-04-22,09:54:57,ABC,6,957110.0
2024-04-22,09:54:58,ABC,0,957110.0
2024-04-22,09:54:59,ABC,0,957110.0
2024-04-22,09:55:00,ABC,0,957110.0
2024-04-22,09:55:01,ABC,0,957110.0
2024-04-22,09:55:02,ABC,0,957110.0
2024-04-22,09:55:03,ABC,0,957110.0
2024-04-22,09:55:04,ABC,2,957112.0
2024-04-22,09:55:05,ABC,0,957112.0
2024-04-22,09:55:06,ABC,0,957112.0
2024-04-22,09:55:07,ABC,0,957112.0
2024-04-22,09:55:08,ABC,0,957112.0
2024-04-22,09:55:09,ABC,0,957112.0
2024-04-22,09:55:10,ABC,250,957362.0
2024-04-22,09:55:11,ABC,0,957362.0
2024-04-22,09:55:12,ABC,0,957362.0
2024-04-22,09:55:13,ABC,0,957362.0
2024-04-22,09:55:14,ABC,0,957362.0
2024-04-22,09:55:15,ABC,0,957362.0
2024-04-22,09:55:16,ABC,0,957362.0
2024-04-22,09:55:17,ABC,823,958185.0
2024-04-22,09:55:18,ABC,0,958185.0
2024-04-22,09:55:19,ABC,0,958185.0
2024-04-22,09:55:20,ABC,0,958185.0
2024-04-22,09:55:21,ABC,0,958185.0
2024-04-22,09:55:22,ABC,0,958185.0
2024-04-22,09:55:23,ABC,317,958502.0
2024-04-22,09:55:24,ABC,0,958502.0
2024-04-22,09:55:25,ABC,0,958502.0
2024-04-22,09:55:26,ABC,0,958502.0
2024-04-22,09:55:27,ABC,0,958502.0
2024-04-22,09:55:28,ABC,0,958502.0
2024-04-22,09:55:29,ABC,0,958502.0
2024-04-22,09:55:30,ABC,2268,960770.0
2024-04-22,09:55:31,ABC,0,960770.0
2024-04-22,09:55:32,ABC,0,960770.0
2024-04-22,09:55:33,ABC,0,960770.0
2024-04-22,09:55:34,ABC,0,960770.0
2024-04-22,09:55:35,ABC,0,960770.0
2024-04-22,09:55:36,ABC,2855,963625.0
2024-04-22,09:55:37,ABC,0,963625.0
2024-04-22,09:55:38,ABC,0,963625.0
2024-04-22,09:55:39,ABC,0,963625.0
2024-04-22,09:55:40,ABC,0,963625.0
2024-04-22,09:55:41,ABC,0,963625.0
2024-04-22,09:55:42,ABC,0,963625.0
2024-04-22,09:55:43,ABC,172,963797.0
2024-04-22,09:55:44,ABC,0,963797.0
2024-04-22,09:55:45,ABC,0,963797.0
2024-04-22,09:55:46,ABC,0,963797.0
2024-04-22,09:55:47,ABC,0,963797.0
2024-04-22,09:55:48,ABC,0,963797.0
2024-04-22,09:55:49,ABC,963,964760.0
2024-04-22,09:55:50,ABC,0,964760.0
2024-04-22,09:55:51,ABC,0,964760.0
2024-04-22,09:55:52,ABC,0,964760.0
2024-04-22,09:55:53,ABC,0,964760.0
2024-04-22,09:55:54,ABC,0,964760.0
2024-04-22,09:55:55,ABC,0,964760.0
2024-04-22,09:55:56,ABC,304,965064.0
2024-04-22,09:55:57,ABC,0,965064.0
2024-04-22,09:55:58,ABC,0,965064.0
2024-04-22,09:55:59,ABC,0,965064.0
2024-04-22,09:56:00,ABC,0,965064.0
2024-04-22,09:56:01,ABC,0,965064.0
2024-04-22,09:56:02,ABC,204,965268.0
2024-04-22,09:56:03,ABC,0,965268.0
2024-04-22,09:56:04,ABC,0,965268.0
2024-04-22,09:56:05,ABC,0,965268.0
2024-04-22,09:56:06,ABC,261,965529.0
2024-04-22,09:56:07,ABC,0,965529.0
2024-04-22,09:56:08,ABC,63,965592.0
2024-04-22,09:56:09,ABC,10,965602.0
2024-04-22,09:56:10,ABC,24,965626.0
2024-04-22,09:56:11,ABC,25,965651.0
2024-04-22,09:56:12,ABC,0,965651.0
2024-04-22,09:56:13,ABC,12,965663.0
2024-04-22,09:56:14,ABC,0,965663.0
2024-04-22,09:56:15,ABC,66,965729.0
2024-04-22,09:56:16,ABC,251,965980.0
2024-04-22,09:56:17,ABC,3,965983.0
2024-04-22,09:56:18,ABC,48,966031.0
2024-04-22,09:56:19,ABC,50,966081.0
2024-04-22,09:56:20,ABC,9,966090.0
2024-04-22,09:56:21,ABC,0,966090.0
2024-04-22,09:56:22,ABC,76,966166.0
2024-04-22,09:56:23,ABC,4,966170.0
2024-04-22,09:56:24,ABC,111,966281.0
2024-04-22,09:56:25,ABC,5,966286.0
2024-04-22,09:56:26,ABC,0,966286.0
2024-04-22,09:56:27,ABC,473,966759.0
2024-04-22,09:56:28,ABC,24,966783.0
2024-04-22,09:56:29,ABC,5202,971985.0
2024-04-22,09:56:30,ABC,8076,980061.0
2024-04-22,09:56:31,ABC,0,980061.0
2024-04-22,09:56:32,ABC,2,980063.0
2024-04-22,09:56:33,ABC,177,980240.0
2024-04-22,09:56:34,ABC,3,980243.0
2024-04-22,09:56:35,ABC,68,980311.0
2024-04-22,09:56:36,ABC,132,980443.0
2024-04-22,09:56:37,ABC,0,980443.0
2024-04-22,09:56:38,ABC,264,980707.0
2024-04-22,09:56:39,ABC,4,980711.0
2024-04-22,09:56:40,ABC,142,980853.0
2024-04-22,09:56:41,ABC,35,980888.0
2024-04-22,09:56:42,ABC,41,980929.0
2024-04-22,09:56:43,ABC,289,981218.0
2024-04-22,09:56:44,ABC,533,981751.0
2024-04-22,09:56:45,ABC,398,982149.0
2024-04-22,09:56:46,ABC,40,982189.0
2024-04-22,09:56:47,ABC,1284,983473.0
2024-04-22,09:56:48,ABC,108,983581.0
2024-04-22,09:56:49,ABC,0,983581.0
2024-04-22,09:56:50,ABC,140,983721.0
2024-04-22,09:56:51,ABC,0,983721.0
2024-04-22,09:56:52,ABC,2229,985950.0
2024-04-22,09:56:53,ABC,852,986802.0
2024-04-22,09:56:54,ABC,0,986802.0
2024-04-22,09:56:55,ABC,657,987459.0
2024-04-22,09:56:56,ABC,0,987459.0
2024-04-22,09:56:57,ABC,54,987513.0
2024-04-22,09:56:58,ABC,111,987624.0
2024-04-22,09:56:59,ABC,372,987996.0
2024-04-22,09:57:00,ABC,355,988351.0
2024-04-22,09:57:01,ABC,686,989037.0
2024-04-22,09:57:02,ABC,165,989202.0
2024-04-22,09:57:03,ABC,200,989402.0
2024-04-22,09:57:04,ABC,1040,990442.0
2024-04-22,09:57:05,ABC,654,991096.0
2024-04-22,09:57:06,ABC,0,991096.0
2024-04-22,09:57:07,ABC,4618,995714.0
2024-04-22,09:57:08,ABC,1776,997490.0
2024-04-22,09:57:09,ABC,1560,999050.0
2024-04-22,09:57:10,ABC,0,999050.0
2024-04-22,09:57:11,ABC,3348,1002398.0
2024-04-22,09:57:12,ABC,789,1003187.0
2024-04-22,09:57:13,ABC,1393,1004580.0
2024-04-22,09:57:14,ABC,0,1004580.0
2024-04-22,09:57:15,ABC,374,1004954.0
2024-04-22,09:57:16,ABC,388,1005342.0
2024-04-22,09:57:17,ABC,1010,1006352.0
2024-04-22,09:57:18,ABC,0,1006352.0
2024-04-22,09:57:19,ABC,420,1006772.0
2024-04-22,09:57:20,ABC,693,1007465.0
2024-04-22,09:57:21,ABC,38,1007503.0
2024-04-22,09:57:22,ABC,5820,1013323.0
2024-04-22,09:57:23,ABC,21,1013344.0
2024-04-22,09:57:24,ABC,696,1014040.0
2024-04-22,09:57:25,ABC,0,1014040.0
2024-04-22,09:57:26,ABC,0,1014040.0
2024-04-22,09:57:27,ABC,1363,1015403.0
2024-04-22,09:57:28,ABC,479,1015882.0
2024-04-22,09:57:29,ABC,436,1016318.0
2024-04-22,09:57:30,ABC,168,1016486.0
2024-04-22,09:57:31,ABC,425,1016911.0
2024-04-22,09:57:32,ABC,519,1017430.0
2024-04-22,09:57:33,ABC,1169,1018599.0
2024-04-22,09:57:34,ABC,0,1018599.0
2024-04-22,09:57:35,ABC,1161,1019760.0
2024-04-22,09:57:36,ABC,2500,1022260.0
2024-04-22,09:57:37,ABC,16,1022276.0
2024-04-22,09:57:38,ABC,0,1022276.0
2024-04-22,09:57:39,ABC,0,1022276.0
2024-04-22,09:57:40,ABC,411,1022687.0
2024-04-22,09:57:41,ABC,2126,1024813.0
2024-04-22,09:57:42,ABC,102,1024915.0
2024-04-22,09:57:43,ABC,1399,1026314.0
2024-04-22,09:57:44,ABC,469,1026783.0
2024-04-22,09:57:45,ABC,302,1027085.0
2024-04-22,09:57:46,ABC,424,1027509.0
2024-04-22,09:57:47,ABC,2545,1030054.0
2024-04-22,09:57:48,ABC,104,1030158.0
2024-04-22,09:57:49,ABC,101,1030259.0
2024-04-22,09:57:50,ABC,107,1030366.0
2024-04-22,09:57:51,ABC,541,1030907.0
2024-04-22,09:57:52,ABC,80,1030987.0
2024-04-22,09:57:53,ABC,392,1031379.0
2024-04-22,09:57:54,ABC,0,1031379.0
2024-04-22,09:57:55,ABC,2064,1033443.0
2024-04-22,09:57:56,ABC,0,1033443.0
2024-04-22,09:57:57,ABC,675,1034118.0
2024-04-22,09:57:58,ABC,43,1034161.0
2024-04-22,09:57:59,ABC,0,1034161.0
2024-04-22,09:58:00,ABC,477,1034638.0
2024-04-22,09:58:01,ABC,0,1034638.0
2024-04-22,09:58:02,ABC,41,1034679.0
2024-04-22,09:58:03,ABC,100,1034779.0
2024-04-22,09:58:04,ABC,20,1034799.0
2024-04-22,09:58:05,ABC,491,1035290.0
2024-04-22,09:58:06,ABC,2119,1037409.0
2024-04-22,09:58:07,ABC,308,1037717.0
2024-04-22,09:58:08,ABC,2,1037719.0
2024-04-22,09:58:09,ABC,0,1037719.0
2024-04-22,09:58:10,ABC,51,1037770.0
2024-04-22,09:58:11,ABC,187,1037957.0
2024-04-22,09:58:12,ABC,317,1038274.0
2024-04-22,09:58:13,ABC,491,1038765.0
2024-04-22,09:58:14,ABC,0,1038765.0
2024-04-22,09:58:15,ABC,30,1038795.0
2024-04-22,09:58:16,ABC,8,1038803.0
2024-04-22,09:58:17,ABC,0,1038803.0
2024-04-22,09:58:18,ABC,208,1039011.0
2024-04-22,09:58:19,ABC,165,1039176.0
2024-04-22,09:58:20,ABC,158,1039334.0
2024-04-22,09:58:21,ABC,118,1039452.0
2024-04-22,09:58:22,ABC,0,1039452.0
2024-04-22,09:58:23,ABC,154,1039606.0
2024-04-22,09:58:24,ABC,2,1039608.0
2024-04-22,09:58:25,ABC,60,1039668.0
2024-04-22,09:58:26,ABC,14,1039682.0
2024-04-22,09:58:27,ABC,212,1039894.0
2024-04-22,09:58:28,ABC,483,1040377.0
2024-04-22,09:58:29,ABC,510,1040887.0
2024-04-22,09:58:30,ABC,551,1041438.0
2024-04-22,09:58:31,ABC,256,1041694.0
2024-04-22,09:58:32,ABC,46,1041740.0
2024-04-22,09:58:33,ABC,3951,1045691.0
2024-04-22,09:58:34,ABC,0,1045691.0
2024-04-22,09:58:35,ABC,53,1045744.0
2024-04-22,09:58:36,ABC,50,1045794.0
2024-04-22,09:58:37,ABC,38,1045832.0
2024-04-22,09:58:38,ABC,0,1045832.0
2024-04-22,09:58:39,ABC,1,1045833.0
2024-04-22,09:58:40,ABC,5,1045838.0
2024-04-22,09:58:41,ABC,186,1046024.0
2024-04-22,09:58:42,ABC,1000,1047024.0
2024-04-22,09:58:43,ABC,0,1047024.0
2024-04-22,09:58:44,ABC,7,1047031.0
2024-04-22,09:58:45,ABC,15,1047046.0
2024-04-22,09:58:46,ABC,0,1047046.0
2024-04-22,09:58:47,ABC,0,1047046.0
2024-04-22,09:58:48,ABC,0,1047046.0
2024-04-22,09:58:49,ABC,13,1047059.0
2024-04-22,09:58:50,ABC,0,1047059.0
2024-04-22,09:58:51,ABC,103,1047162.0
2024-04-22,09:58:52,ABC,10,1047172.0
2024-04-22,09:58:53,ABC,0,1047172.0
2024-04-22,09:58:54,ABC,1,1047173.0
2024-04-22,09:58:55,ABC,298,1047471.0
2024-04-22,09:58:56,ABC,0,1047471.0
2024-04-22,09:58:57,ABC,184,1047655.0
2024-04-22,09:58:58,ABC,0,1047655.0
2024-04-22,09:58:59,ABC,0,1047655.0
2024-04-22,09:59:00,ABC,100,1047755.0
2024-04-22,09:59:01,ABC,0,1047755.0
2024-04-22,09:59:02,ABC,0,1047755.0
2024-04-22,09:59:03,ABC,0,1047755.0
2024-04-22,09:59:04,ABC,220,1047975.0
2024-04-22,09:59:05,ABC,109,1048084.0
2024-04-22,09:59:06,ABC,37,1048121.0
2024-04-22,09:59:07,ABC,5,1048126.0
2024-04-22,09:59:08,ABC,1600,1049726.0
2024-04-22,09:59:09,ABC,42,1049768.0
2024-04-22,09:59:10,ABC,399,1050167.0
2024-04-22,09:59:11,ABC,266,1050433.0
2024-04-22,09:59:12,ABC,30,1050463.0
2024-04-22,09:59:13,ABC,1,1050464.0
2024-04-22,09:59:14,ABC,21,1050485.0
2024-04-22,09:59:15,ABC,50,1050535.0
2024-04-22,09:59:16,ABC,29,1050564.0
2024-04-22,09:59:17,ABC,532,1051096.0
2024-04-22,09:59:18,ABC,180,1051276.0
2024-04-22,09:59:19,ABC,0,1051276.0
2024-04-22,09:59:20,ABC,0,1051276.0
2024-04-22,09:59:21,ABC,102,1051378.0
2024-04-22,09:59:22,ABC,0,1051378.0
2024-04-22,09:59:23,ABC,0,1051378.0
2024-04-22,09:59:24,ABC,42,1051420.0
2024-04-22,09:59:25,ABC,0,1051420.0
2024-04-22,09:59:26,ABC,0,1051420.0
2024-04-22,09:59:27,ABC,0,1051420.0
2024-04-22,09:59:28,ABC,0,1051420.0
2024-04-22,09:59:29,ABC,0,1051420.0
2024-04-22,09:59:30,ABC,5,1051425.0
2024-04-22,09:59:31,ABC,21,1051446.0
2024-04-22,09:59:32,ABC,0,1051446.0
2024-04-22,09:59:33,ABC,1,1051447.0
2024-04-22,09:59:34,ABC,0,1051447.0
2024-04-22,09:59:35,ABC,0,1051447.0
2024-04-22,09:59:36,ABC,65,1051512.0
2024-04-22,09:59:37,ABC,0,1051512.0
2024-04-22,09:59:38,ABC,14,1051526.0
2024-04-22,09:59:39,ABC,100,1051626.0
2024-04-22,09:59:40,ABC,16,1051642.0
2024-04-22,09:59:41,ABC,200,1051842.0
2024-04-22,09:59:42,ABC,20,1051862.0
2024-04-22,09:59:43,ABC,181,1052043.0
2024-04-22,09:59:44,ABC,20,1052063.0
2024-04-22,09:59:45,ABC,0,1052063.0
2024-04-22,09:59:46,ABC,0,1052063.0
2024-04-22,09:59:47,ABC,0,1052063.0
2024-04-22,09:59:48,ABC,430,1052493.0
2024-04-22,09:59:49,ABC,0,1052493.0
2024-04-22,09:59:50,ABC,0,1052493.0
2024-04-22,09:59:51,ABC,77,1052570.0
2024-04-22,09:59:52,ABC,0,1052570.0
2024-04-22,09:59:53,ABC,496,1053066.0
2024-04-22,09:59:54,ABC,40,1053106.0
2024-04-22,09:59:55,ABC,0,1053106.0
2024-04-22,09:59:56,ABC,3,1053109.0
2024-04-22,09:59:57,ABC,202,1053311.0
2024-04-22,09:59:58,ABC,8,1053319.0
2024-04-22,09:59:59,ABC,0,1053319.0
2024-04-22,10:00:00,ABC,25,1053344.0
2024-04-22,10:00:01,ABC,790,1054134.0
2024-04-22,10:00:02,ABC,91,1054225.0
2024-04-22,10:00:03,ABC,0,1054225.0
2024-04-22,10:00:04,ABC,0,1054225.0
2024-04-22,10:00:05,ABC,310,1054535.0
2024-04-22,10:00:06,ABC,1,1054536.0
2024-04-22,10:00:07,ABC,100,1054636.0
2024-04-22,10:00:08,ABC,28,1054664.0
2024-04-22,10:00:09,ABC,273,1054937.0
2024-04-22,10:00:10,ABC,94,1055031.0
2024-04-22,10:00:11,ABC,0,1055031.0
2024-04-22,10:00:12,ABC,10,1055041.0
2024-04-22,10:00:13,ABC,0,1055041.0
2024-04-22,10:00:14,ABC,36,1055077.0
2024-04-22,10:00:15,ABC,1,1055078.0
